[
 {
   "film": "I Wanna Hold Your Hand",
   "revenue": "0",
   "budget": 2700000,
   "language": "en",
   "popularity": 5.702,
   "runtime": 104,
   "vote_average": 6.6,
   "vote_count": 51,
   "id": 55457,
   "director": "Robert Zemeckis",
   "tagline": "Some girls will do anything to meet their idols.",
   "genres": "[{'id': 35, 'name': 'Comedy'}]",
   "director_id": 24,
   "release_date": "20/04/1978",
   "Popular_set": "Not popular",
   "genre1": "Comedy",
   "genre2": "",
   "genre3": "",
   "genre4": "",
   "genre5": "",
   "genre6": "",
   "genre7": "",
   "revenue_cat": "Not reported",
   "budget_cat": "Low",
   "year_release": 1978,
   "date_formatted": "4/20/1978"
 },
 {
   "film": "Used Cars",
   "revenue": "11,715,321.00",
   "budget": 8000000,
   "language": "en",
   "popularity": 8.734,
   "runtime": 113,
   "vote_average": 6.4,
   "vote_count": 119,
   "id": 14475,
   "director": "Robert Zemeckis",
   "tagline": "Like new, great looking and fully loaded with laughs.",
   "genres": "[{'id': 28, 'name': 'Action'}, {'id': 35, 'name': 'Comedy'}]",
   "director_id": 24,
   "release_date": "11/07/1980",
   "Popular_set": "Not popular",
   "genre1": "Action",
   "genre2": "Comedy",
   "genre3": "",
   "genre4": "",
   "genre5": "",
   "genre6": "",
   "genre7": "",
   "revenue_cat": "Low",
   "budget_cat": "Low",
   "year_release": 1980,
   "date_formatted": "7/11/1980"
 },
 {
   "film": "Romancing the Stone",
   "revenue": "86,572,238.00",
   "budget": 10000000,
   "language": "en",
   "popularity": 11.489,
   "runtime": 106,
   "vote_average": 6.7,
   "vote_count": 1020,
   "id": 9326,
   "director": "Robert Zemeckis",
   "tagline": "She's a girl from the big city. He's a reckless soldier of fortune. For a fabulous treasure, they share an adventure no one could imagine... or survive.",
   "genres": "[{'id': 28, 'name': 'Action'}, {'id': 12, 'name': 'Adventure'}, {'id': 35, 'name': 'Comedy'}, {'id': 10749, 'name': 'Romance'}]",
   "director_id": 24,
   "release_date": "30/03/1984",
   "Popular_set": "Popular",
   "genre1": "Action",
   "genre2": "Adventure",
   "genre3": "Comedy",
   "genre4": "Romance",
   "genre5": "",
   "genre6": "",
   "genre7": "",
   "revenue_cat": "Low",
   "budget_cat": "Low",
   "year_release": 1984,
   "date_formatted": "3/30/1984"
 },
 {
   "film": "Back to the Future",
   "revenue": "381,109,762.00",
   "budget": 19000000,
   "language": "en",
   "popularity": 29.616,
   "runtime": 116,
   "vote_average": 8.3,
   "vote_count": 13018,
   "id": 105,
   "director": "Robert Zemeckis",
   "tagline": "He's the only kid ever to get into trouble before he was born.",
   "genres": "[{'id': 12, 'name': 'Adventure'}, {'id': 35, 'name': 'Comedy'}, {'id': 878, 'name': 'Science Fiction'}, {'id': 10751, 'name': 'Family'}]",
   "director_id": 24,
   "release_date": "03/07/1985",
   "Popular_set": "Popular",
   "genre1": "Adventure",
   "genre2": "Comedy",
   "genre3": "Science Fiction",
   "genre4": "Family",
   "genre5": "",
   "genre6": "",
   "genre7": "",
   "revenue_cat": "Medium",
   "budget_cat": "Low",
   "year_release": 1985,
   "date_formatted": "7/3/1985"
 },
 {
   "film": "Who Framed Roger Rabbit",
   "revenue": "329,803,958.00",
   "budget": 70000000,
   "language": "en",
   "popularity": 17.146,
   "runtime": 104,
   "vote_average": 7.4,
   "vote_count": 3557,
   "id": 856,
   "director": "Robert Zemeckis",
   "tagline": "It's the story of a man, a woman, and a rabbit in a triangle of trouble.",
   "genres": "[{'id': 14, 'name': 'Fantasy'}, {'id': 16, 'name': 'Animation'}, {'id': 35, 'name': 'Comedy'}, {'id': 80, 'name': 'Crime'}, {'id': 10751, 'name': 'Family'}]",
   "director_id": 24,
   "release_date": "21/06/1988",
   "Popular_set": "Popular",
   "genre1": "Animation",
   "genre2": "Comedy",
   "genre3": "Crime",
   "genre4": "Fantasy",
   "genre5": "Family",
   "genre6": "",
   "genre7": "",
   "revenue_cat": "Medium",
   "budget_cat": "Medium",
   "year_release": 1988,
   "date_formatted": "6/21/1988"
 },
 {
   "film": "Back to the Future Part II",
   "revenue": "332,000,000.00",
   "budget": 40000000,
   "language": "en",
   "popularity": 17.161,
   "runtime": 108,
   "vote_average": 7.7,
   "vote_count": 8254,
   "id": 165,
   "director": "Robert Zemeckis",
   "tagline": "Roads? Where we're going, we don't need roads!",
   "genres": "[{'id': 12, 'name': 'Adventure'}, {'id': 35, 'name': 'Comedy'}, {'id': 10751, 'name': 'Family'}, {'id': 878, 'name': 'Science Fiction'}]",
   "director_id": 24,
   "release_date": "22/11/1989",
   "Popular_set": "Popular",
   "genre1": "Adventure",
   "genre2": "Comedy",
   "genre3": "Science Fiction",
   "genre4": "Family",
   "genre5": "",
   "genre6": "",
   "genre7": "",
   "revenue_cat": "Medium",
   "budget_cat": "Medium",
   "year_release": 1989,
   "date_formatted": "11/22/1989"
 },
 {
   "film": "Back to the Future Part III",
   "revenue": "244,527,583.00",
   "budget": 40000000,
   "language": "en",
   "popularity": 17.365,
   "runtime": 118,
   "vote_average": 7.4,
   "vote_count": 6589,
   "id": 196,
   "director": "Robert Zemeckis",
   "tagline": "They've saved the best trip for last... But this time they may have gone too far.",
   "genres": "[{'id': 12, 'name': 'Adventure'}, {'id': 35, 'name': 'Comedy'}, {'id': 878, 'name': 'Science Fiction'}]",
   "director_id": 24,
   "release_date": "25/05/1990",
   "Popular_set": "Popular",
   "genre1": "Adventure",
   "genre2": "Comedy",
   "genre3": "Science Fiction",
   "genre4": "",
   "genre5": "",
   "genre6": "",
   "genre7": "",
   "revenue_cat": "Medium",
   "budget_cat": "Medium",
   "year_release": 1990,
   "date_formatted": "5/25/1990"
 },
 {
   "film": "Death Becomes Her",
   "revenue": "149,022,650.00",
   "budget": 55000000,
   "language": "en",
   "popularity": 12.157,
   "runtime": 104,
   "vote_average": 6.6,
   "vote_count": 1449,
   "id": 9374,
   "director": "Robert Zemeckis",
   "tagline": "In one small bottle... The fountain of youth. The secret of eternal life. The power of an ancient potion. Sometimes it works... sometimes it doesn't.",
   "genres": "[{'id': 35, 'name': 'Comedy'}, {'id': 14, 'name': 'Fantasy'}, {'id': 27, 'name': 'Horror'}]",
   "director_id": 24,
   "release_date": "30/07/1992",
   "Popular_set": "Popular",
   "genre1": "Comedy",
   "genre2": "Fantasy",
   "genre3": "Horror",
   "genre4": "",
   "genre5": "",
   "genre6": "",
   "genre7": "",
   "revenue_cat": "Medium",
   "budget_cat": "Medium",
   "year_release": 1992,
   "date_formatted": "7/30/1992"
 },
 {
   "film": "Forrest Gump",
   "revenue": "677,387,716.00",
   "budget": 55000000,
   "language": "en",
   "popularity": 45.524,
   "runtime": 142,
   "vote_average": 8.4,
   "vote_count": 17881,
   "id": 13,
   "director": "Robert Zemeckis",
   "tagline": "Life is like a box of chocolates...you never know what you're gonna get.",
   "genres": "[{'id': 35, 'name': 'Comedy'}, {'id': 18, 'name': 'Drama'}, {'id': 10749, 'name': 'Romance'}]",
   "director_id": 24,
   "release_date": "06/07/1994",
   "Popular_set": "Popular",
   "genre1": "Comedy",
   "genre2": "Drama",
   "genre3": "Romance",
   "genre4": "",
   "genre5": "",
   "genre6": "",
   "genre7": "",
   "revenue_cat": "High",
   "budget_cat": "Medium",
   "year_release": 1994,
   "date_formatted": "7/6/1994"
 },
 {
   "film": "Contact",
   "revenue": "171,120,329.00",
   "budget": 90000000,
   "language": "en",
   "popularity": 16.413,
   "runtime": 150,
   "vote_average": 7.3,
   "vote_count": 2593,
   "id": 686,
   "director": "Robert Zemeckis",
   "tagline": "If it's just us, it seems like an awful waste of space.",
   "genres": "[{'id': 18, 'name': 'Drama'}, {'id': 878, 'name': 'Science Fiction'}, {'id': 9648, 'name': 'Mystery'}]",
   "director_id": 24,
   "release_date": "11/07/1997",
   "Popular_set": "Popular",
   "genre1": "Drama",
   "genre2": "Mystery",
   "genre3": "Science Fiction",
   "genre4": "",
   "genre5": "",
   "genre6": "",
   "genre7": "",
   "revenue_cat": "Medium",
   "budget_cat": "High",
   "year_release": 1997,
   "date_formatted": "7/11/1997"
 },
 {
   "film": "What Lies Beneath",
   "revenue": "291,420,351.00",
   "budget": 100000000,
   "language": "en",
   "popularity": 15.983,
   "runtime": 130,
   "vote_average": 6.4,
   "vote_count": 1095,
   "id": 2655,
   "director": "Robert Zemeckis",
   "tagline": "He was the perfect husband until his one mistake followed them home.",
   "genres": "[{'id': 18, 'name': 'Drama'}, {'id': 27, 'name': 'Horror'}, {'id': 9648, 'name': 'Mystery'}, {'id': 53, 'name': 'Thriller'}]",
   "director_id": 24,
   "release_date": "21/07/2000",
   "Popular_set": "Not popular",
   "genre1": "Drama",
   "genre2": "Horror",
   "genre3": "Mystery",
   "genre4": "Thriller",
   "genre5": "",
   "genre6": "",
   "genre7": "",
   "revenue_cat": "Medium",
   "budget_cat": "High",
   "year_release": 2000,
   "date_formatted": "7/21/2000"
 },
 {
   "film": "Cast Away",
   "revenue": "429,632,142.00",
   "budget": 90000000,
   "language": "en",
   "popularity": 26.281,
   "runtime": 143,
   "vote_average": 7.6,
   "vote_count": 7340,
   "id": 8358,
   "director": "Robert Zemeckis",
   "tagline": "At the edge of the world, his journey begins.",
   "genres": "[{'id': 12, 'name': 'Adventure'}, {'id': 18, 'name': 'Drama'}]",
   "director_id": 24,
   "release_date": "22/12/2000",
   "Popular_set": "Popular",
   "genre1": "Adventure",
   "genre2": "Drama",
   "genre3": "",
   "genre4": "",
   "genre5": "",
   "genre6": "",
   "genre7": "",
   "revenue_cat": "High",
   "budget_cat": "High",
   "year_release": 2000,
   "date_formatted": "12/22/2000"
 },
 {
   "film": "The Polar Express",
   "revenue": "310,634,054.00",
   "budget": 165000000,
   "language": "en",
   "popularity": 12.313,
   "runtime": 100,
   "vote_average": 6.6,
   "vote_count": 3871,
   "id": 5255,
   "director": "Robert Zemeckis",
   "tagline": "This holiday season... believe.",
   "genres": "[{'id': 12, 'name': 'Adventure'}, {'id': 16, 'name': 'Animation'}, {'id': 10751, 'name': 'Family'}, {'id': 14, 'name': 'Fantasy'}]",
   "director_id": 24,
   "release_date": "10/11/2004",
   "Popular_set": "Not popular",
   "genre1": "Adventure",
   "genre2": "Animation",
   "genre3": "Family",
   "genre4": "Fantasy",
   "genre5": "",
   "genre6": "",
   "genre7": "",
   "revenue_cat": "Medium",
   "budget_cat": "Very high",
   "year_release": 2004,
   "date_formatted": "11/10/2004"
 },
 {
   "film": "Beowulf",
   "revenue": "195,735,876.00",
   "budget": 70000000,
   "language": "en",
   "popularity": 16.72,
   "runtime": 115,
   "vote_average": 5.7,
   "vote_count": 1803,
   "id": 2310,
   "director": "Robert Zemeckis",
   "tagline": "Evil breeds pain.",
   "genres": "[{'id': 12, 'name': 'Adventure'}, {'id': 28, 'name': 'Action'}, {'id': 16, 'name': 'Animation'}]",
   "director_id": 24,
   "release_date": "05/11/2007",
   "Popular_set": "Not popular",
   "genre1": "Adventure",
   "genre2": "Action",
   "genre3": "Animation",
   "genre4": "",
   "genre5": "",
   "genre6": "",
   "genre7": "",
   "revenue_cat": "Medium",
   "budget_cat": "Medium",
   "year_release": 2007,
   "date_formatted": "11/5/2007"
 },
 {
   "film": "A Christmas Carol",
   "revenue": "325,286,646.00",
   "budget": 200000000,
   "language": "en",
   "popularity": 15.262,
   "runtime": 96,
   "vote_average": 6.8,
   "vote_count": 2988,
   "id": 17979,
   "director": "Robert Zemeckis",
   "tagline": "Season's Greedings",
   "genres": "[{'id': 16, 'name': 'Animation'}, {'id': 10751, 'name': 'Family'}, {'id': 18, 'name': 'Drama'}, {'id': 14, 'name': 'Fantasy'}]",
   "director_id": 24,
   "release_date": "04/11/2009",
   "Popular_set": "Not popular",
   "genre1": "Animation",
   "genre2": "Family",
   "genre3": "Drama",
   "genre4": "Fantasy",
   "genre5": "",
   "genre6": "",
   "genre7": "",
   "revenue_cat": "Medium",
   "budget_cat": "Very high",
   "year_release": 2009,
   "date_formatted": "11/4/2009"
 },
 {
   "film": "Flight",
   "revenue": "161,772,375.00",
   "budget": 31000000,
   "language": "en",
   "popularity": 13.24,
   "runtime": 138,
   "vote_average": 6.7,
   "vote_count": 4078,
   "id": 87502,
   "director": "Robert Zemeckis",
   "tagline": "",
   "genres": "[{'id': 18, 'name': 'Drama'}]",
   "director_id": 24,
   "release_date": "02/11/2012",
   "Popular_set": "Not popular",
   "genre1": "Drama",
   "genre2": "",
   "genre3": "",
   "genre4": "",
   "genre5": "",
   "genre6": "",
   "genre7": "",
   "revenue_cat": "Medium",
   "budget_cat": "Medium",
   "year_release": 2012,
   "date_formatted": "11/2/2012"
 },
 {
   "film": "The Walk",
   "revenue": "61,181,942.00",
   "budget": 35000000,
   "language": "en",
   "popularity": 14.401,
   "runtime": 123,
   "vote_average": 6.9,
   "vote_count": 2180,
   "id": 285783,
   "director": "Robert Zemeckis",
   "tagline": "Dream High.",
   "genres": "[{'id': 12, 'name': 'Adventure'}, {'id': 18, 'name': 'Drama'}, {'id': 53, 'name': 'Thriller'}]",
   "director_id": 24,
   "release_date": "30/09/2015",
   "Popular_set": "Not popular",
   "genre1": "Adventure",
   "genre2": "Drama",
   "genre3": "Thriller",
   "genre4": "",
   "genre5": "",
   "genre6": "",
   "genre7": "",
   "revenue_cat": "Low",
   "budget_cat": "Medium",
   "year_release": 2015,
   "date_formatted": "9/30/2015"
 },
 {
   "film": "Allied",
   "revenue": "119,520,023.00",
   "budget": 85000000,
   "language": "en",
   "popularity": 16.703,
   "runtime": 124,
   "vote_average": 6.7,
   "vote_count": 3237,
   "id": 369885,
   "director": "Robert Zemeckis",
   "tagline": "The enemy is listening.",
   "genres": "[{'id': 28, 'name': 'Action'}, {'id': 18, 'name': 'Drama'}, {'id': 10752, 'name': 'War'}, {'id': 10749, 'name': 'Romance'}, {'id': 53, 'name': 'Thriller'}]",
   "director_id": 24,
   "release_date": "17/11/2016",
   "Popular_set": "Popular",
   "genre1": "Action",
   "genre2": "Drama",
   "genre3": "War",
   "genre4": "Romance",
   "genre5": "Thriller",
   "genre6": "",
   "genre7": "",
   "revenue_cat": "Medium",
   "budget_cat": "High",
   "year_release": 2016,
   "date_formatted": "11/17/2016"
 },
 {
   "film": "Welcome to Marwen",
   "revenue": "12,780,692.00",
   "budget": 39000000,
   "language": "en",
   "popularity": 14.767,
   "runtime": 116,
   "vote_average": 6.5,
   "vote_count": 643,
   "id": 351044,
   "director": "Robert Zemeckis",
   "tagline": "You can't put this hero in a box",
   "genres": "[{'id': 18, 'name': 'Drama'}, {'id': 35, 'name': 'Comedy'}, {'id': 14, 'name': 'Fantasy'}]",
   "director_id": 24,
   "release_date": "21/12/2018",
   "Popular_set": "Not popular",
   "genre1": "Drama",
   "genre2": "Comedy",
   "genre3": "Fantasy",
   "genre4": "",
   "genre5": "",
   "genre6": "",
   "genre7": "",
   "revenue_cat": "Low",
   "budget_cat": "Medium",
   "year_release": 2018,
   "date_formatted": "12/21/2018"
 },
 {
   "film": "Bad Taste",
   "revenue": "0",
   "budget": 25710,
   "language": "en",
   "popularity": 8.844,
   "runtime": 92,
   "vote_average": 6.5,
   "vote_count": 423,
   "id": 9964,
   "director": "Peter Jackson",
   "tagline": "",
   "genres": "[{'id': 28, 'name': 'Action'}, {'id': 35, 'name': 'Comedy'}, {'id': 27, 'name': 'Horror'}, {'id': 878, 'name': 'Science Fiction'}]",
   "director_id": 108,
   "release_date": "01/12/1987",
   "Popular_set": "Not popular",
   "genre1": "Action",
   "genre2": "Comedy",
   "genre3": "Horror",
   "genre4": "Science Fiction",
   "genre5": "",
   "genre6": "",
   "genre7": "",
   "revenue_cat": "Not reported",
   "budget_cat": "Low",
   "year_release": 1987,
   "date_formatted": "12/1/1987"
 },
 {
   "film": "Meet the Feebles",
   "revenue": "0",
   "budget": 750000,
   "language": "en",
   "popularity": 8.701,
   "runtime": 94,
   "vote_average": 6.5,
   "vote_count": 148,
   "id": 8216,
   "director": "Peter Jackson",
   "tagline": "Hell hath no fury like a hippo with a machine gun.",
   "genres": "[{'id': 35, 'name': 'Comedy'}, {'id': 10402, 'name': 'Music'}]",
   "director_id": 108,
   "release_date": "12/08/1989",
   "Popular_set": "Not popular",
   "genre1": "Comedy",
   "genre2": "Music",
   "genre3": "",
   "genre4": "",
   "genre5": "",
   "genre6": "",
   "genre7": "",
   "revenue_cat": "Not reported",
   "budget_cat": "Low",
   "year_release": 1989,
   "date_formatted": "8/12/1989"
 },
 {
   "film": "Braindead",
   "revenue": "242,623.00",
   "budget": 3000000,
   "language": "en",
   "popularity": 12.086,
   "runtime": 103,
   "vote_average": 7.4,
   "vote_count": 861,
   "id": 763,
   "director": "Peter Jackson",
   "tagline": "Some things won't stay down... even after they die.",
   "genres": "[{'id': 27, 'name': 'Horror'}, {'id': 35, 'name': 'Comedy'}]",
   "director_id": 108,
   "release_date": "13/08/1992",
   "Popular_set": "Not popular",
   "genre1": "Horror",
   "genre2": "Comedy",
   "genre3": "",
   "genre4": "",
   "genre5": "",
   "genre6": "",
   "genre7": "",
   "revenue_cat": "Low",
   "budget_cat": "Low",
   "year_release": 1992,
   "date_formatted": "8/13/1992"
 },
 {
   "film": "Heavenly Creatures",
   "revenue": "3,049,135.00",
   "budget": 5000000,
   "language": "en",
   "popularity": 12.826,
   "runtime": 109,
   "vote_average": 7.1,
   "vote_count": 549,
   "id": 1024,
   "director": "Peter Jackson",
   "tagline": "Not all angels are innocent.",
   "genres": "[{'id': 18, 'name': 'Drama'}, {'id': 14, 'name': 'Fantasy'}]",
   "director_id": 108,
   "release_date": "12/09/1994",
   "Popular_set": "Not popular",
   "genre1": "Drama",
   "genre2": "Fantasy",
   "genre3": "",
   "genre4": "",
   "genre5": "",
   "genre6": "",
   "genre7": "",
   "revenue_cat": "Low",
   "budget_cat": "Low",
   "year_release": 1994,
   "date_formatted": "9/12/1994"
 },
 {
   "film": "The Frighteners",
   "revenue": "29,359,216.00",
   "budget": 30000000,
   "language": "en",
   "popularity": 10.623,
   "runtime": 110,
   "vote_average": 6.8,
   "vote_count": 823,
   "id": 10779,
   "director": "Peter Jackson",
   "tagline": "No Rest for the Wicked.",
   "genres": "[{'id': 27, 'name': 'Horror'}, {'id': 35, 'name': 'Comedy'}]",
   "director_id": 108,
   "release_date": "18/07/1996",
   "Popular_set": "Not popular",
   "genre1": "Horror",
   "genre2": "Comedy",
   "genre3": "",
   "genre4": "",
   "genre5": "",
   "genre6": "",
   "genre7": "",
   "revenue_cat": "Low",
   "budget_cat": "Medium",
   "year_release": 1996,
   "date_formatted": "7/18/1996"
 },
 {
   "film": "The Lord of the Rings: The Fellowship of the Ring",
   "revenue": "871,368,364.00",
   "budget": 93000000,
   "language": "en",
   "popularity": 50.996,
   "runtime": 178,
   "vote_average": 8.3,
   "vote_count": 16901,
   "id": 120,
   "director": "Peter Jackson",
   "tagline": "One ring to rule them all",
   "genres": "[{'id': 12, 'name': 'Adventure'}, {'id': 14, 'name': 'Fantasy'}, {'id': 28, 'name': 'Action'}]",
   "director_id": 108,
   "release_date": "18/12/2001",
   "Popular_set": "Popular",
   "genre1": "Action",
   "genre2": "Adventure",
   "genre3": "Fantasy",
   "genre4": "",
   "genre5": "",
   "genre6": "",
   "genre7": "",
   "revenue_cat": "Very high",
   "budget_cat": "High",
   "year_release": 2001,
   "date_formatted": "12/18/2001"
 },
 {
   "film": "The Lord of the Rings: The Two Towers",
   "revenue": "926,287,400.00",
   "budget": 79000000,
   "language": "en",
   "popularity": 39.936,
   "runtime": 179,
   "vote_average": 8.3,
   "vote_count": 14566,
   "id": 121,
   "director": "Peter Jackson",
   "tagline": "A New Power Is Rising.",
   "genres": "[{'id': 12, 'name': 'Adventure'}, {'id': 14, 'name': 'Fantasy'}, {'id': 28, 'name': 'Action'}]",
   "director_id": 108,
   "release_date": "18/12/2002",
   "Popular_set": "Popular",
   "genre1": "Adventure",
   "genre2": "Fantasy",
   "genre3": "Action",
   "genre4": "",
   "genre5": "",
   "genre6": "",
   "genre7": "",
   "revenue_cat": "Very high",
   "budget_cat": "Medium",
   "year_release": 2002,
   "date_formatted": "12/18/2002"
 },
 {
   "film": "The Lord of the Rings: The Return of the King",
   "revenue": "1,118,888,979.00",
   "budget": 94000000,
   "language": "en",
   "popularity": 57.498,
   "runtime": 201,
   "vote_average": 8.4,
   "vote_count": 15418,
   "id": 122,
   "director": "Peter Jackson",
   "tagline": "The eye of the enemy is moving.",
   "genres": "[{'id': 12, 'name': 'Adventure'}, {'id': 14, 'name': 'Fantasy'}, {'id': 28, 'name': 'Action'}]",
   "director_id": 108,
   "release_date": "01/12/2003",
   "Popular_set": "Popular",
   "genre1": "Action",
   "genre2": "Adventure",
   "genre3": "Fantasy",
   "genre4": "",
   "genre5": "",
   "genre6": "",
   "genre7": "",
   "revenue_cat": "Very high",
   "budget_cat": "High",
   "year_release": 2003,
   "date_formatted": "12/1/2003"
 },
 {
   "film": "King Kong",
   "revenue": "562,363,449.00",
   "budget": 207000000,
   "language": "en",
   "popularity": 17.582,
   "runtime": 187,
   "vote_average": 6.8,
   "vote_count": 5080,
   "id": 254,
   "director": "Peter Jackson",
   "tagline": "The eighth wonder of the world.",
   "genres": "[{'id': 12, 'name': 'Adventure'}, {'id': 18, 'name': 'Drama'}, {'id': 28, 'name': 'Action'}]",
   "director_id": 108,
   "release_date": "12/12/2005",
   "Popular_set": "Popular",
   "genre1": "Adventure",
   "genre2": "Drama",
   "genre3": "Action",
   "genre4": "",
   "genre5": "",
   "genre6": "",
   "genre7": "",
   "revenue_cat": "High",
   "budget_cat": "Very high",
   "year_release": 2005,
   "date_formatted": "12/12/2005"
 },
 {
   "film": "The Lovely Bones",
   "revenue": "93,525,586.00",
   "budget": 65000000,
   "language": "en",
   "popularity": 17.988,
   "runtime": 136,
   "vote_average": 6.9,
   "vote_count": 2751,
   "id": 7980,
   "director": "Peter Jackson",
   "tagline": "The story of a life and everything that came after...",
   "genres": "[{'id': 14, 'name': 'Fantasy'}, {'id': 18, 'name': 'Drama'}]",
   "director_id": 108,
   "release_date": "19/02/2009",
   "Popular_set": "Popular",
   "genre1": "Drama",
   "genre2": "Fantasy",
   "genre3": "",
   "genre4": "",
   "genre5": "",
   "genre6": "",
   "genre7": "",
   "revenue_cat": "Low",
   "budget_cat": "Medium",
   "year_release": 2009,
   "date_formatted": "2/19/2009"
 },
 {
   "film": "The Hobbit: An Unexpected Journey",
   "revenue": "1,021,103,568.00",
   "budget": 250000000,
   "language": "en",
   "popularity": 34.378,
   "runtime": 169,
   "vote_average": 7.3,
   "vote_count": 13490,
   "id": 49051,
   "director": "Peter Jackson",
   "tagline": "From the smallest beginnings come the greatest legends.",
   "genres": "[{'id': 12, 'name': 'Adventure'}, {'id': 14, 'name': 'Fantasy'}, {'id': 28, 'name': 'Action'}]",
   "director_id": 108,
   "release_date": "26/11/2012",
   "Popular_set": "Popular",
   "genre1": "Action",
   "genre2": "Adventure",
   "genre3": "Fantasy",
   "genre4": "",
   "genre5": "",
   "genre6": "",
   "genre7": "",
   "revenue_cat": "Very high",
   "budget_cat": "Very high",
   "year_release": 2012,
   "date_formatted": "11/26/2012"
 },
 {
   "film": "The Hobbit: The Desolation of Smaug",
   "revenue": "958,400,000.00",
   "budget": 250000000,
   "language": "en",
   "popularity": 32.289,
   "runtime": 161,
   "vote_average": 7.6,
   "vote_count": 8884,
   "id": 57158,
   "director": "Peter Jackson",
   "tagline": "Beyond darkness... beyond desolation... lies the greatest danger of all.",
   "genres": "[{'id': 12, 'name': 'Adventure'}, {'id': 14, 'name': 'Fantasy'}, {'id': 28, 'name': 'Action'}]",
   "director_id": 108,
   "release_date": "11/12/2013",
   "Popular_set": "Popular",
   "genre1": "Action",
   "genre2": "Adventure",
   "genre3": "Fantasy",
   "genre4": "",
   "genre5": "",
   "genre6": "",
   "genre7": "",
   "revenue_cat": "Very high",
   "budget_cat": "Very high",
   "year_release": 2013,
   "date_formatted": "12/11/2013"
 },
 {
   "film": "The Hobbit: The Battle of the Five Armies",
   "revenue": "956,019,788.00",
   "budget": 250000000,
   "language": "en",
   "popularity": 57.352,
   "runtime": 144,
   "vote_average": 7.3,
   "vote_count": 9731,
   "id": 122917,
   "director": "Peter Jackson",
   "tagline": "Witness the defining chapter of the Middle-Earth saga",
   "genres": "[{'id': 28, 'name': 'Action'}, {'id': 12, 'name': 'Adventure'}, {'id': 14, 'name': 'Fantasy'}]",
   "director_id": 108,
   "release_date": "10/12/2014",
   "Popular_set": "Popular",
   "genre1": "Action",
   "genre2": "Adventure",
   "genre3": "Fantasy",
   "genre4": "",
   "genre5": "",
   "genre6": "",
   "genre7": "",
   "revenue_cat": "Very high",
   "budget_cat": "Very high",
   "year_release": 2014,
   "date_formatted": "12/10/2014"
 },
 {
   "film": "They Shall Not Grow Old",
   "revenue": "20,904,188.00",
   "budget": 0,
   "language": "en",
   "popularity": 10.961,
   "runtime": 99,
   "vote_average": 7.8,
   "vote_count": 233,
   "id": 543580,
   "director": "Peter Jackson",
   "tagline": "",
   "genres": "[{'id': 99, 'name': 'Documentary'}, {'id': 36, 'name': 'History'}, {'id': 10752, 'name': 'War'}]",
   "director_id": 108,
   "release_date": "17/12/2018",
   "Popular_set": "Not popular",
   "genre1": "Documentary",
   "genre2": "History",
   "genre3": "War",
   "genre4": "",
   "genre5": "",
   "genre6": "",
   "genre7": "",
   "revenue_cat": "Low",
   "budget_cat": "Not reported",
   "year_release": 2018,
   "date_formatted": "12/17/2018"
 },
 {
   "film": "Reservoir Dogs",
   "revenue": "2,859,750.00",
   "budget": 1200000,
   "language": "en",
   "popularity": 23.024,
   "runtime": 99,
   "vote_average": 8.2,
   "vote_count": 9110,
   "id": 500,
   "director": "Quentin Tarantino",
   "tagline": "Every dog has his day.",
   "genres": "[{'id': 80, 'name': 'Crime'}, {'id': 53, 'name': 'Thriller'}]",
   "director_id": 138,
   "release_date": "02/09/1992",
   "Popular_set": "Popular",
   "genre1": "Crime",
   "genre2": "Thriller",
   "genre3": "",
   "genre4": "",
   "genre5": "",
   "genre6": "",
   "genre7": "",
   "revenue_cat": "Low",
   "budget_cat": "Low",
   "year_release": 1992,
   "date_formatted": "9/2/1992"
 },
 {
   "film": "Pulp Fiction",
   "revenue": "214,179,088.00",
   "budget": 8000000,
   "language": "en",
   "popularity": 42.793,
   "runtime": 154,
   "vote_average": 8.5,
   "vote_count": 18579,
   "id": 680,
   "director": "Quentin Tarantino",
   "tagline": "Just because you are a character doesn't mean you have character.",
   "genres": "[{'id': 53, 'name': 'Thriller'}, {'id': 80, 'name': 'Crime'}]",
   "director_id": 138,
   "release_date": "10/09/1994",
   "Popular_set": "Popular",
   "genre1": "Crime",
   "genre2": "Thriller",
   "genre3": "",
   "genre4": "",
   "genre5": "",
   "genre6": "",
   "genre7": "",
   "revenue_cat": "Medium",
   "budget_cat": "Low",
   "year_release": 1994,
   "date_formatted": "9/10/1994"
 },
 {
   "film": "Jackie Brown",
   "revenue": "39,673,162.00",
   "budget": 12000000,
   "language": "en",
   "popularity": 16.982,
   "runtime": 154,
   "vote_average": 7.3,
   "vote_count": 3915,
   "id": 184,
   "director": "Quentin Tarantino",
   "tagline": "Six players on the trail of a half million in cash. There's only one question... Who's playing who?",
   "genres": "[{'id': 80, 'name': 'Crime'}, {'id': 53, 'name': 'Thriller'}, {'id': 18, 'name': 'Drama'}]",
   "director_id": 138,
   "release_date": "10/04/1997",
   "Popular_set": "Popular",
   "genre1": "Crime",
   "genre2": "Thriller",
   "genre3": "Drama",
   "genre4": "",
   "genre5": "",
   "genre6": "",
   "genre7": "",
   "revenue_cat": "Low",
   "budget_cat": "Low",
   "year_release": 1997,
   "date_formatted": "4/10/1997"
 },
 {
   "film": "Kill Bill: Vol. 1",
   "revenue": "180,899,045.00",
   "budget": 30000000,
   "language": "en",
   "popularity": 28.714,
   "runtime": 111,
   "vote_average": 8,
   "vote_count": 11613,
   "id": 24,
   "director": "Quentin Tarantino",
   "tagline": "A roaring rampage of revenge.",
   "genres": "[{'id': 28, 'name': 'Action'}, {'id': 80, 'name': 'Crime'}]",
   "director_id": 138,
   "release_date": "10/10/2003",
   "Popular_set": "Popular",
   "genre1": "Action",
   "genre2": "Crime",
   "genre3": "",
   "genre4": "",
   "genre5": "",
   "genre6": "",
   "genre7": "",
   "revenue_cat": "Medium",
   "budget_cat": "Medium",
   "year_release": 2003,
   "date_formatted": "10/10/2003"
 },
 {
   "film": "Kill Bill: Vol. 2",
   "revenue": "152,159,461.00",
   "budget": 30000000,
   "language": "en",
   "popularity": 25.559,
   "runtime": 136,
   "vote_average": 7.9,
   "vote_count": 9271,
   "id": 393,
   "director": "Quentin Tarantino",
   "tagline": "The bride is back for the final cut.",
   "genres": "[{'id': 28, 'name': 'Action'}, {'id': 80, 'name': 'Crime'}, {'id': 53, 'name': 'Thriller'}]",
   "director_id": 138,
   "release_date": "16/04/2004",
   "Popular_set": "Popular",
   "genre1": "Action",
   "genre2": "Crime",
   "genre3": "Thriller",
   "genre4": "",
   "genre5": "",
   "genre6": "",
   "genre7": "",
   "revenue_cat": "Medium",
   "budget_cat": "Medium",
   "year_release": 2004,
   "date_formatted": "4/16/2004"
 },
 {
   "film": "Death Proof",
   "revenue": "30,207,393.00",
   "budget": 25000000,
   "language": "en",
   "popularity": 17.305,
   "runtime": 113,
   "vote_average": 6.8,
   "vote_count": 3078,
   "id": 1991,
   "director": "Quentin Tarantino",
   "tagline": "A crash course in revenge",
   "genres": "[{'id': 28, 'name': 'Action'}, {'id': 53, 'name': 'Thriller'}]",
   "director_id": 138,
   "release_date": "21/05/2007",
   "Popular_set": "Not popular",
   "genre1": "Action",
   "genre2": "Thriller",
   "genre3": "",
   "genre4": "",
   "genre5": "",
   "genre6": "",
   "genre7": "",
   "revenue_cat": "Low",
   "budget_cat": "Medium",
   "year_release": 2007,
   "date_formatted": "5/21/2007"
 },
 {
   "film": "Inglourious Basterds",
   "revenue": "321,455,689.00",
   "budget": 70000000,
   "language": "en",
   "popularity": 31.92,
   "runtime": 153,
   "vote_average": 8.2,
   "vote_count": 14583,
   "id": 16869,
   "director": "Quentin Tarantino",
   "tagline": "Once upon a time in Nazi occupied France...",
   "genres": "[{'id': 18, 'name': 'Drama'}, {'id': 28, 'name': 'Action'}, {'id': 53, 'name': 'Thriller'}, {'id': 10752, 'name': 'War'}]",
   "director_id": 138,
   "release_date": "18/08/2009",
   "Popular_set": "Popular",
   "genre1": "Drama",
   "genre2": "Action",
   "genre3": "Thriller",
   "genre4": "War",
   "genre5": "",
   "genre6": "",
   "genre7": "",
   "revenue_cat": "Medium",
   "budget_cat": "Medium",
   "year_release": 2009,
   "date_formatted": "8/18/2009"
 },
 {
   "film": "Kill Bill: The Whole Bloody Affair",
   "revenue": "0",
   "budget": 30000000,
   "language": "en",
   "popularity": 15.654,
   "runtime": 247,
   "vote_average": 7.9,
   "vote_count": 515,
   "id": 414419,
   "director": "Quentin Tarantino",
   "tagline": "",
   "genres": "[{'id': 80, 'name': 'Crime'}, {'id': 28, 'name': 'Action'}]",
   "director_id": 138,
   "release_date": "28/03/2011",
   "Popular_set": "Popular",
   "genre1": "Action",
   "genre2": "Crime",
   "genre3": "",
   "genre4": "",
   "genre5": "",
   "genre6": "",
   "genre7": "",
   "revenue_cat": "Not reported",
   "budget_cat": "Medium",
   "year_release": 2011,
   "date_formatted": "3/28/2011"
 },
 {
   "film": "Django Unchained",
   "revenue": "425,368,238.00",
   "budget": 100000000,
   "language": "en",
   "popularity": 30.378,
   "runtime": 165,
   "vote_average": 8.1,
   "vote_count": 18260,
   "id": 68718,
   "director": "Quentin Tarantino",
   "tagline": "Life, liberty and the pursuit of vengeance.",
   "genres": "[{'id': 18, 'name': 'Drama'}, {'id': 37, 'name': 'Western'}]",
   "director_id": 138,
   "release_date": "25/12/2012",
   "Popular_set": "Popular",
   "genre1": "Drama",
   "genre2": "Western",
   "genre3": "",
   "genre4": "",
   "genre5": "",
   "genre6": "",
   "genre7": "",
   "revenue_cat": "High",
   "budget_cat": "High",
   "year_release": 2012,
   "date_formatted": "12/25/2012"
 },
 {
   "film": "The Hateful Eight",
   "revenue": "155,760,117.00",
   "budget": 44000000,
   "language": "en",
   "popularity": 21.635,
   "runtime": 188,
   "vote_average": 7.7,
   "vote_count": 9739,
   "id": 273248,
   "director": "Quentin Tarantino",
   "tagline": "No one comes up here without a damn good reason.",
   "genres": "[{'id': 80, 'name': 'Crime'}, {'id': 18, 'name': 'Drama'}, {'id': 9648, 'name': 'Mystery'}, {'id': 37, 'name': 'Western'}]",
   "director_id": 138,
   "release_date": "25/12/2015",
   "Popular_set": "Popular",
   "genre1": "Crime",
   "genre2": "Drama",
   "genre3": "Mystery",
   "genre4": "Western",
   "genre5": "",
   "genre6": "",
   "genre7": "",
   "revenue_cat": "Medium",
   "budget_cat": "Medium",
   "year_release": 2015,
   "date_formatted": "12/25/2015"
 },
 {
   "film": "Once Upon a Time in Hollywood",
   "revenue": "374,251,247.00",
   "budget": 95000000,
   "language": "en",
   "popularity": 61.985,
   "runtime": 162,
   "vote_average": 7.5,
   "vote_count": 6236,
   "id": 466272,
   "director": "Quentin Tarantino",
   "tagline": "In this town, it can all changeâ€¦ like that",
   "genres": "[{'id': 35, 'name': 'Comedy'}, {'id': 18, 'name': 'Drama'}, {'id': 53, 'name': 'Thriller'}]",
   "director_id": 138,
   "release_date": "25/07/2019",
   "Popular_set": "Popular",
   "genre1": "Comedy",
   "genre2": "Drama",
   "genre3": "Thriller",
   "genre4": "",
   "genre5": "",
   "genre6": "",
   "genre7": "",
   "revenue_cat": "Medium",
   "budget_cat": "High",
   "year_release": 2019,
   "date_formatted": "7/25/2019"
 },
 {
   "film": "Play Misty for Me",
   "revenue": "10,600,000.00",
   "budget": 725000,
   "language": "en",
   "popularity": 8.859,
   "runtime": 102,
   "vote_average": 6.7,
   "vote_count": 196,
   "id": 15393,
   "director": "Clint Eastwood",
   "tagline": "The scream you hear may be your own!",
   "genres": "[{'id': 80, 'name': 'Crime'}, {'id': 18, 'name': 'Drama'}, {'id': 10749, 'name': 'Romance'}, {'id': 53, 'name': 'Thriller'}]",
   "director_id": 190,
   "release_date": "03/11/1971",
   "Popular_set": "Popular",
   "genre1": "Crime",
   "genre2": "Drama",
   "genre3": "Romance",
   "genre4": "Thriller",
   "genre5": "",
   "genre6": "",
   "genre7": "",
   "revenue_cat": "Low",
   "budget_cat": "Low",
   "year_release": 1971,
   "date_formatted": "11/3/1971"
 },
 {
   "film": "High Plains Drifter",
   "revenue": "15,700,000.00",
   "budget": 5500000,
   "language": "en",
   "popularity": 14.336,
   "runtime": 105,
   "vote_average": 7.5,
   "vote_count": 571,
   "id": 11901,
   "director": "Clint Eastwood",
   "tagline": "Welcome to Hell",
   "genres": "[{'id': 37, 'name': 'Western'}]",
   "director_id": 190,
   "release_date": "19/04/1973",
   "Popular_set": "Popular",
   "genre1": "Western",
   "genre2": "",
   "genre3": "",
   "genre4": "",
   "genre5": "",
   "genre6": "",
   "genre7": "",
   "revenue_cat": "Low",
   "budget_cat": "Low",
   "year_release": 1973,
   "date_formatted": "4/19/1973"
 },
 {
   "film": "Breezy",
   "revenue": "0",
   "budget": 0,
   "language": "en",
   "popularity": 5.268,
   "runtime": 108,
   "vote_average": 7.3,
   "vote_count": 60,
   "id": 40374,
   "director": "Clint Eastwood",
   "tagline": "A free spirit can awaken even the loneliest heart.",
   "genres": "[{'id': 18, 'name': 'Drama'}, {'id': 10749, 'name': 'Romance'}]",
   "director_id": 190,
   "release_date": "18/11/1973",
   "Popular_set": "Not popular",
   "genre1": "Drama",
   "genre2": "Romance",
   "genre3": "",
   "genre4": "",
   "genre5": "",
   "genre6": "",
   "genre7": "",
   "revenue_cat": "Not reported",
   "budget_cat": "Not reported",
   "year_release": 1973,
   "date_formatted": "11/18/1973"
 },
 {
   "film": "The Eiger Sanction",
   "revenue": "14,200,000.00",
   "budget": 0,
   "language": "en",
   "popularity": 10.248,
   "runtime": 123,
   "vote_average": 6.2,
   "vote_count": 179,
   "id": 20187,
   "director": "Clint Eastwood",
   "tagline": "EASTWOOD is the man . . Eiger is the location . . and the sanction - is a license to kill!",
   "genres": "[{'id': 28, 'name': 'Action'}, {'id': 12, 'name': 'Adventure'}, {'id': 80, 'name': 'Crime'}, {'id': 18, 'name': 'Drama'}, {'id': 9648, 'name': 'Mystery'}, {'id': 53, 'name': 'Thriller'}]",
   "director_id": 190,
   "release_date": "21/05/1975",
   "Popular_set": "Not popular",
   "genre1": "Action",
   "genre2": "Adventure",
   "genre3": "Crime",
   "genre4": "Drama",
   "genre5": "Mystery",
   "genre6": "Thriller",
   "genre7": "",
   "revenue_cat": "Low",
   "budget_cat": "Not reported",
   "year_release": 1975,
   "date_formatted": "5/21/1975"
 },
 {
   "film": "The Outlaw Josey Wales",
   "revenue": "31,800,000.00",
   "budget": 3700000,
   "language": "en",
   "popularity": 11.787,
   "runtime": 135,
   "vote_average": 7.5,
   "vote_count": 586,
   "id": 10747,
   "director": "Clint Eastwood",
   "tagline": "...an army of one.",
   "genres": "[{'id': 37, 'name': 'Western'}, {'id': 12, 'name': 'Adventure'}, {'id': 28, 'name': 'Action'}]",
   "director_id": 190,
   "release_date": "30/06/1976",
   "Popular_set": "Popular",
   "genre1": "Action",
   "genre2": "Adventure",
   "genre3": "Western",
   "genre4": "",
   "genre5": "",
   "genre6": "",
   "genre7": "",
   "revenue_cat": "Low",
   "budget_cat": "Low",
   "year_release": 1976,
   "date_formatted": "6/30/1976"
 },
 {
   "film": "The Gauntlet",
   "revenue": "26,414,658.00",
   "budget": 5500000,
   "language": "en",
   "popularity": 10.245,
   "runtime": 109,
   "vote_average": 6.7,
   "vote_count": 249,
   "id": 17689,
   "director": "Clint Eastwood",
   "tagline": "Clint Eastwood is the man in the middle of The Gauntlet",
   "genres": "[{'id': 18, 'name': 'Drama'}, {'id': 28, 'name': 'Action'}, {'id': 80, 'name': 'Crime'}, {'id': 53, 'name': 'Thriller'}]",
   "director_id": 190,
   "release_date": "21/12/1977",
   "Popular_set": "Popular",
   "genre1": "Action",
   "genre2": "Crime",
   "genre3": "Drama",
   "genre4": "Thriller",
   "genre5": "",
   "genre6": "",
   "genre7": "",
   "revenue_cat": "Low",
   "budget_cat": "Low",
   "year_release": 1977,
   "date_formatted": "12/21/1977"
 },
 {
   "film": "Bronco Billy",
   "revenue": "0",
   "budget": 0,
   "language": "en",
   "popularity": 8.488,
   "runtime": 116,
   "vote_average": 6.3,
   "vote_count": 117,
   "id": 21866,
   "director": "Clint Eastwood",
   "tagline": "The most outrageous of 'em all.",
   "genres": "[{'id': 35, 'name': 'Comedy'}, {'id': 10749, 'name': 'Romance'}, {'id': 37, 'name': 'Western'}]",
   "director_id": 190,
   "release_date": "11/06/1980",
   "Popular_set": "Not popular",
   "genre1": "Comedy",
   "genre2": "Romance",
   "genre3": "Western",
   "genre4": "",
   "genre5": "",
   "genre6": "",
   "genre7": "",
   "revenue_cat": "Not reported",
   "budget_cat": "Not reported",
   "year_release": 1980,
   "date_formatted": "6/11/1980"
 },
 {
   "film": "Firefox",
   "revenue": "70,687,344.00",
   "budget": 18000000,
   "language": "en",
   "popularity": 9.899,
   "runtime": 136,
   "vote_average": 6.1,
   "vote_count": 264,
   "id": 10724,
   "director": "Clint Eastwood",
   "tagline": "...the most devastating killing machine ever built... his job... steal it!",
   "genres": "[{'id': 878, 'name': 'Science Fiction'}, {'id': 28, 'name': 'Action'}, {'id': 12, 'name': 'Adventure'}, {'id': 53, 'name': 'Thriller'}]",
   "director_id": 190,
   "release_date": "13/06/1982",
   "Popular_set": "Popular",
   "genre1": "Science Fiction",
   "genre2": "Action",
   "genre3": "Adventure",
   "genre4": "Thriller",
   "genre5": "",
   "genre6": "",
   "genre7": "",
   "revenue_cat": "Low",
   "budget_cat": "Low",
   "year_release": 1982,
   "date_formatted": "6/13/1982"
 },
 {
   "film": "Honkytonk Man",
   "revenue": "0",
   "budget": 0,
   "language": "en",
   "popularity": 6.288,
   "runtime": 122,
   "vote_average": 6.1,
   "vote_count": 73,
   "id": 37917,
   "director": "Clint Eastwood",
   "tagline": "The boy is on his way to becoming a man. The man is on his way to becoming a legend.",
   "genres": "[{'id': 18, 'name': 'Drama'}, {'id': 35, 'name': 'Comedy'}, {'id': 37, 'name': 'Western'}]",
   "director_id": 190,
   "release_date": "15/12/1982",
   "Popular_set": "Not popular",
   "genre1": "Drama",
   "genre2": "Comedy",
   "genre3": "Western",
   "genre4": "",
   "genre5": "",
   "genre6": "",
   "genre7": "",
   "revenue_cat": "Not reported",
   "budget_cat": "Not reported",
   "year_release": 1982,
   "date_formatted": "12/15/1982"
 },
 {
   "film": "Sudden Impact",
   "revenue": "67,642,693.00",
   "budget": 22000000,
   "language": "en",
   "popularity": 12.312,
   "runtime": 117,
   "vote_average": 6.6,
   "vote_count": 454,
   "id": 10650,
   "director": "Clint Eastwood",
   "tagline": "Dirty Harry is at it again",
   "genres": "[{'id': 80, 'name': 'Crime'}]",
   "director_id": 190,
   "release_date": "07/12/1983",
   "Popular_set": "Popular",
   "genre1": "Crime",
   "genre2": "",
   "genre3": "",
   "genre4": "",
   "genre5": "",
   "genre6": "",
   "genre7": "",
   "revenue_cat": "Low",
   "budget_cat": "Medium",
   "year_release": 1983,
   "date_formatted": "12/7/1983"
 },
 {
   "film": "Pale Rider",
   "revenue": "41,410,568.00",
   "budget": 6900000,
   "language": "en",
   "popularity": 11.829,
   "runtime": 115,
   "vote_average": 7.1,
   "vote_count": 533,
   "id": 8879,
   "director": "Clint Eastwood",
   "tagline": "... and hell followed with him.",
   "genres": "[{'id': 37, 'name': 'Western'}]",
   "director_id": 190,
   "release_date": "28/06/1985",
   "Popular_set": "Popular",
   "genre1": "Western",
   "genre2": "Romance",
   "genre3": "",
   "genre4": "",
   "genre5": "",
   "genre6": "",
   "genre7": "",
   "revenue_cat": "Low",
   "budget_cat": "Low",
   "year_release": 1985,
   "date_formatted": "6/28/1985"
 },
 {
   "film": "Heartbreak Ridge",
   "revenue": "42,724,017.00",
   "budget": 15000000,
   "language": "en",
   "popularity": 9.33,
   "runtime": 130,
   "vote_average": 6.7,
   "vote_count": 518,
   "id": 10015,
   "director": "Clint Eastwood",
   "tagline": "...the scars run deep.",
   "genres": "[{'id': 28, 'name': 'Action'}, {'id': 35, 'name': 'Comedy'}, {'id': 18, 'name': 'Drama'}, {'id': 10752, 'name': 'War'}]",
   "director_id": 190,
   "release_date": "05/12/1986",
   "Popular_set": "Popular",
   "genre1": "Action",
   "genre2": "Comedy",
   "genre3": "Drama",
   "genre4": "War",
   "genre5": "",
   "genre6": "",
   "genre7": "",
   "revenue_cat": "Low",
   "budget_cat": "Low",
   "year_release": 1986,
   "date_formatted": "12/5/1986"
 },
 {
   "film": "Bird",
   "revenue": "0",
   "budget": 0,
   "language": "en",
   "popularity": 13.155,
   "runtime": 161,
   "vote_average": 7,
   "vote_count": 134,
   "id": 24679,
   "director": "Clint Eastwood",
   "tagline": "",
   "genres": "[{'id': 18, 'name': 'Drama'}, {'id': 10402, 'name': 'Music'}]",
   "director_id": 190,
   "release_date": "01/07/1988",
   "Popular_set": "Not popular",
   "genre1": "Drama",
   "genre2": "Music",
   "genre3": "",
   "genre4": "",
   "genre5": "",
   "genre6": "",
   "genre7": "",
   "revenue_cat": "Not reported",
   "budget_cat": "Not reported",
   "year_release": 1988,
   "date_formatted": "7/1/1988"
 },
 {
   "film": "The Rookie",
   "revenue": "21,633,874.00",
   "budget": 10000000,
   "language": "en",
   "popularity": 10.848,
   "runtime": 120,
   "vote_average": 5.9,
   "vote_count": 286,
   "id": 6723,
   "director": "Clint Eastwood",
   "tagline": "",
   "genres": "[{'id': 28, 'name': 'Action'}, {'id': 80, 'name': 'Crime'}, {'id': 18, 'name': 'Drama'}, {'id': 53, 'name': 'Thriller'}]",
   "director_id": 190,
   "release_date": "18/01/1990",
   "Popular_set": "Not popular",
   "genre1": "Action",
   "genre2": "Crime",
   "genre3": "Drama",
   "genre4": "Thriller",
   "genre5": "",
   "genre6": "",
   "genre7": "",
   "revenue_cat": "Low",
   "budget_cat": "Low",
   "year_release": 1990,
   "date_formatted": "1/18/1990"
 },
 {
   "film": "White Hunter, Black Heart",
   "revenue": "0",
   "budget": 0,
   "language": "en",
   "popularity": 7.992,
   "runtime": 112,
   "vote_average": 6.4,
   "vote_count": 116,
   "id": 28761,
   "director": "Clint Eastwood",
   "tagline": "An adventure in obsession...",
   "genres": "[{'id': 28, 'name': 'Action'}, {'id': 12, 'name': 'Adventure'}, {'id': 18, 'name': 'Drama'}]",
   "director_id": 190,
   "release_date": "14/09/1990",
   "Popular_set": "Not popular",
   "genre1": "Action",
   "genre2": "Adventure",
   "genre3": "Drama",
   "genre4": "",
   "genre5": "",
   "genre6": "",
   "genre7": "",
   "revenue_cat": "Not reported",
   "budget_cat": "Not reported",
   "year_release": 1990,
   "date_formatted": "9/14/1990"
 },
 {
   "film": "Unforgiven",
   "revenue": "159,157,447.00",
   "budget": 14000000,
   "language": "en",
   "popularity": 16.36,
   "runtime": 131,
   "vote_average": 7.9,
   "vote_count": 2375,
   "id": 33,
   "director": "Clint Eastwood",
   "tagline": "Some legends will never be forgotten. Some wrongs can never be forgiven.",
   "genres": "[{'id': 37, 'name': 'Western'}]",
   "director_id": 190,
   "release_date": "07/08/1992",
   "Popular_set": "Popular",
   "genre1": "Western",
   "genre2": "",
   "genre3": "",
   "genre4": "",
   "genre5": "",
   "genre6": "",
   "genre7": "",
   "revenue_cat": "Medium",
   "budget_cat": "Low",
   "year_release": 1992,
   "date_formatted": "8/7/1992"
 },
 {
   "film": "A Perfect World",
   "revenue": "135,130,999.00",
   "budget": 30000000,
   "language": "en",
   "popularity": 10.022,
   "runtime": 138,
   "vote_average": 7.4,
   "vote_count": 875,
   "id": 9559,
   "director": "Clint Eastwood",
   "tagline": "",
   "genres": "[{'id': 80, 'name': 'Crime'}, {'id': 18, 'name': 'Drama'}, {'id': 53, 'name': 'Thriller'}]",
   "director_id": 190,
   "release_date": "24/11/1993",
   "Popular_set": "Not popular",
   "genre1": "Crime",
   "genre2": "Drama",
   "genre3": "Thriller",
   "genre4": "",
   "genre5": "",
   "genre6": "",
   "genre7": "",
   "revenue_cat": "Medium",
   "budget_cat": "Medium",
   "year_release": 1993,
   "date_formatted": "11/24/1993"
 },
 {
   "film": "The Bridges of Madison County",
   "revenue": "182,016,617.00",
   "budget": 24000000,
   "language": "en",
   "popularity": 9.752,
   "runtime": 135,
   "vote_average": 7.6,
   "vote_count": 1038,
   "id": 688,
   "director": "Clint Eastwood",
   "tagline": "The path of Francesca Johnson's future seems destined due to an unexpected fork in the road...",
   "genres": "[{'id': 18, 'name': 'Drama'}, {'id': 10749, 'name': 'Romance'}]",
   "director_id": 190,
   "release_date": "28/05/1995",
   "Popular_set": "Popular",
   "genre1": "Drama",
   "genre2": "Romance",
   "genre3": "",
   "genre4": "",
   "genre5": "",
   "genre6": "",
   "genre7": "",
   "revenue_cat": "Medium",
   "budget_cat": "Medium",
   "year_release": 1995,
   "date_formatted": "5/28/1995"
 },
 {
   "film": "Absolute Power",
   "revenue": "50,068,310.00",
   "budget": 50000000,
   "language": "en",
   "popularity": 10.42,
   "runtime": 121,
   "vote_average": 6.6,
   "vote_count": 529,
   "id": 66,
   "director": "Clint Eastwood",
   "tagline": "Corrupts Absolutely.",
   "genres": "[{'id': 80, 'name': 'Crime'}]",
   "director_id": 190,
   "release_date": "14/02/1997",
   "Popular_set": "Not popular",
   "genre1": "Crime",
   "genre2": "",
   "genre3": "",
   "genre4": "",
   "genre5": "",
   "genre6": "",
   "genre7": "",
   "revenue_cat": "Low",
   "budget_cat": "Medium",
   "year_release": 1997,
   "date_formatted": "2/14/1997"
 },
 {
   "film": "Midnight in the Garden of Good and Evil",
   "revenue": "25,105,255.00",
   "budget": 35000000,
   "language": "en",
   "popularity": 7.902,
   "runtime": 155,
   "vote_average": 6.4,
   "vote_count": 331,
   "id": 8197,
   "director": "Clint Eastwood",
   "tagline": "",
   "genres": "[{'id': 80, 'name': 'Crime'}, {'id': 18, 'name': 'Drama'}, {'id': 9648, 'name': 'Mystery'}, {'id': 53, 'name': 'Thriller'}]",
   "director_id": 190,
   "release_date": "21/11/1997",
   "Popular_set": "Not popular",
   "genre1": "Crime",
   "genre2": "Drama",
   "genre3": "Mistery",
   "genre4": "Thriller",
   "genre5": "",
   "genre6": "",
   "genre7": "",
   "revenue_cat": "Low",
   "budget_cat": "Medium",
   "year_release": 1997,
   "date_formatted": "11/21/1997"
 },
 {
   "film": "True Crime",
   "revenue": "0",
   "budget": 0,
   "language": "en",
   "popularity": 10.345,
   "runtime": 127,
   "vote_average": 6.5,
   "vote_count": 352,
   "id": 10354,
   "director": "Clint Eastwood",
   "tagline": "",
   "genres": "[{'id': 80, 'name': 'Crime'}, {'id': 18, 'name': 'Drama'}, {'id': 53, 'name': 'Thriller'}, {'id': 9648, 'name': 'Mystery'}]",
   "director_id": 190,
   "release_date": "19/03/1999",
   "Popular_set": "Not popular",
   "genre1": "Crime",
   "genre2": "Drama",
   "genre3": "Thriller",
   "genre4": "Mistery",
   "genre5": "",
   "genre6": "",
   "genre7": "",
   "revenue_cat": "Not reported",
   "budget_cat": "Not reported",
   "year_release": 1999,
   "date_formatted": "3/19/1999"
 },
 {
   "film": "Space Cowboys",
   "revenue": "128,884,132.00",
   "budget": 65000000,
   "language": "en",
   "popularity": 10.429,
   "runtime": 130,
   "vote_average": 6.4,
   "vote_count": 800,
   "id": 5551,
   "director": "Clint Eastwood",
   "tagline": "Space will never be the same.",
   "genres": "[{'id': 28, 'name': 'Action'}, {'id': 12, 'name': 'Adventure'}, {'id': 53, 'name': 'Thriller'}]",
   "director_id": 190,
   "release_date": "31/07/2000",
   "Popular_set": "Not popular",
   "genre1": "Action",
   "genre2": "Adventure",
   "genre3": "Thriller",
   "genre4": "",
   "genre5": "",
   "genre6": "",
   "genre7": "",
   "revenue_cat": "Medium",
   "budget_cat": "Medium",
   "year_release": 2000,
   "date_formatted": "7/31/2000"
 },
 {
   "film": "Blood Work",
   "revenue": "31,794,718.00",
   "budget": 50000000,
   "language": "en",
   "popularity": 10.107,
   "runtime": 110,
   "vote_average": 6.2,
   "vote_count": 444,
   "id": 9573,
   "director": "Clint Eastwood",
   "tagline": "He's a heartbeat away from catching the killer",
   "genres": "[{'id': 80, 'name': 'Crime'}, {'id': 53, 'name': 'Thriller'}]",
   "director_id": 190,
   "release_date": "04/08/2002",
   "Popular_set": "Not popular",
   "genre1": "Crime",
   "genre2": "Thriller",
   "genre3": "",
   "genre4": "",
   "genre5": "",
   "genre6": "",
   "genre7": "",
   "revenue_cat": "Low",
   "budget_cat": "Medium",
   "year_release": 2002,
   "date_formatted": "8/4/2002"
 },
 {
   "film": "Mystic River",
   "revenue": "156,822,020.00",
   "budget": 25000000,
   "language": "en",
   "popularity": 15.129,
   "runtime": 138,
   "vote_average": 7.7,
   "vote_count": 3851,
   "id": 322,
   "director": "Clint Eastwood",
   "tagline": "We bury our sins, we wash them clean.",
   "genres": "[{'id': 53, 'name': 'Thriller'}, {'id': 80, 'name': 'Crime'}, {'id': 18, 'name': 'Drama'}, {'id': 9648, 'name': 'Mystery'}]",
   "director_id": 190,
   "release_date": "07/10/2003",
   "Popular_set": "Popular",
   "genre1": "Thriller",
   "genre2": "Crime",
   "genre3": "Drama",
   "genre4": "Mystery",
   "genre5": "",
   "genre6": "",
   "genre7": "",
   "revenue_cat": "Medium",
   "budget_cat": "Medium",
   "year_release": 2003,
   "date_formatted": "10/7/2003"
 },
 {
   "film": "Million Dollar Baby",
   "revenue": "216,763,646.00",
   "budget": 30000000,
   "language": "en",
   "popularity": 16.586,
   "runtime": 132,
   "vote_average": 7.9,
   "vote_count": 5930,
   "id": 70,
   "director": "Clint Eastwood",
   "tagline": "Beyond his silence, there is a past. Beyond her dreams, there is a feeling. Beyond hope, there is a memory. Beyond their journey, there is a love.",
   "genres": "[{'id': 18, 'name': 'Drama'}]",
   "director_id": 190,
   "release_date": "15/12/2004",
   "Popular_set": "Popular",
   "genre1": "Drama",
   "genre2": "",
   "genre3": "",
   "genre4": "",
   "genre5": "",
   "genre6": "",
   "genre7": "",
   "revenue_cat": "Medium",
   "budget_cat": "Medium",
   "year_release": 2004,
   "date_formatted": "12/15/2004"
 },
 {
   "film": "Flags of Our Fathers",
   "revenue": "65,900,249.00",
   "budget": 90000000,
   "language": "en",
   "popularity": 16.569,
   "runtime": 135,
   "vote_average": 6.8,
   "vote_count": 1086,
   "id": 3683,
   "director": "Clint Eastwood",
   "tagline": "They fight for their country but they die for their friends.",
   "genres": "[{'id': 10752, 'name': 'War'}, {'id': 18, 'name': 'Drama'}, {'id': 36, 'name': 'History'}]",
   "director_id": 190,
   "release_date": "18/10/2006",
   "Popular_set": "Popular",
   "genre1": "Drama",
   "genre2": "History",
   "genre3": "War",
   "genre4": "",
   "genre5": "",
   "genre6": "",
   "genre7": "",
   "revenue_cat": "Low",
   "budget_cat": "High",
   "year_release": 2006,
   "date_formatted": "10/18/2006"
 },
 {
   "film": "Letters from Iwo Jima",
   "revenue": "68,673,228.00",
   "budget": 19000000,
   "language": "en",
   "popularity": 14.109,
   "runtime": 141,
   "vote_average": 7.5,
   "vote_count": 1174,
   "id": 1251,
   "director": "Clint Eastwood",
   "tagline": "The battle of Iwo Jima seen through the eyes of the Japanese soldiers.",
   "genres": "[{'id': 28, 'name': 'Action'}, {'id': 18, 'name': 'Drama'}, {'id': 10752, 'name': 'War'}]",
   "director_id": 190,
   "release_date": "19/12/2006",
   "Popular_set": "Not popular",
   "genre1": "Action",
   "genre2": "Drama",
   "genre3": "War",
   "genre4": "",
   "genre5": "",
   "genre6": "",
   "genre7": "",
   "revenue_cat": "Low",
   "budget_cat": "Low",
   "year_release": 2006,
   "date_formatted": "12/19/2006"
 },
 {
   "film": "Changeling",
   "revenue": "113,020,255.00",
   "budget": 55000000,
   "language": "en",
   "popularity": 15.98,
   "runtime": 141,
   "vote_average": 7.6,
   "vote_count": 2504,
   "id": 3580,
   "director": "Clint Eastwood",
   "tagline": "To find her son, she did what no one else dared.",
   "genres": "[{'id': 80, 'name': 'Crime'}, {'id': 18, 'name': 'Drama'}, {'id': 9648, 'name': 'Mystery'}]",
   "director_id": 190,
   "release_date": "30/01/2008",
   "Popular_set": "Not popular",
   "genre1": "Crime",
   "genre2": "Drama",
   "genre3": "Mistery",
   "genre4": "",
   "genre5": "",
   "genre6": "",
   "genre7": "",
   "revenue_cat": "Medium",
   "budget_cat": "Medium",
   "year_release": 2008,
   "date_formatted": "1/30/2008"
 },
 {
   "film": "Gran Torino",
   "revenue": "269,958,228.00",
   "budget": 33000000,
   "language": "en",
   "popularity": 15.645,
   "runtime": 116,
   "vote_average": 8,
   "vote_count": 7037,
   "id": 13223,
   "director": "Clint Eastwood",
   "tagline": "Ever come across somebody you shouldn't have messed with?",
   "genres": "[{'id': 18, 'name': 'Drama'}]",
   "director_id": 190,
   "release_date": "09/12/2008",
   "Popular_set": "Popular",
   "genre1": "Drama",
   "genre2": "",
   "genre3": "",
   "genre4": "",
   "genre5": "",
   "genre6": "",
   "genre7": "",
   "revenue_cat": "Medium",
   "budget_cat": "Medium",
   "year_release": 2008,
   "date_formatted": "12/9/2008"
 },
 {
   "film": "Invictus",
   "revenue": "122,233,971.00",
   "budget": 60000000,
   "language": "en",
   "popularity": 13.119,
   "runtime": 134,
   "vote_average": 7.2,
   "vote_count": 2640,
   "id": 22954,
   "director": "Clint Eastwood",
   "tagline": "His people needed a leader. He gave them a champion.",
   "genres": "[{'id': 18, 'name': 'Drama'}, {'id': 36, 'name': 'History'}]",
   "director_id": 190,
   "release_date": "10/12/2009",
   "Popular_set": "Not popular",
   "genre1": "Drama",
   "genre2": "History",
   "genre3": "",
   "genre4": "",
   "genre5": "",
   "genre6": "",
   "genre7": "",
   "revenue_cat": "Medium",
   "budget_cat": "Medium",
   "year_release": 2009,
   "date_formatted": "12/10/2009"
 },
 {
   "film": "Hereafter",
   "revenue": "105,197,635.00",
   "budget": 50000000,
   "language": "en",
   "popularity": 12.832,
   "runtime": 129,
   "vote_average": 6,
   "vote_count": 1021,
   "id": 44603,
   "director": "Clint Eastwood",
   "tagline": "Touched by death. Changed by life.",
   "genres": "[{'id': 18, 'name': 'Drama'}, {'id': 14, 'name': 'Fantasy'}]",
   "director_id": 190,
   "release_date": "22/10/2010",
   "Popular_set": "Popular",
   "genre1": "Drama",
   "genre2": "Fantasy",
   "genre3": "",
   "genre4": "",
   "genre5": "",
   "genre6": "",
   "genre7": "",
   "revenue_cat": "Medium",
   "budget_cat": "Medium",
   "year_release": 2010,
   "date_formatted": "10/22/2010"
 },
 {
   "film": "J. Edgar",
   "revenue": "84,606,030.00",
   "budget": 35000000,
   "language": "en",
   "popularity": 11.811,
   "runtime": 137,
   "vote_average": 6.2,
   "vote_count": 1576,
   "id": 88794,
   "director": "Clint Eastwood",
   "tagline": "The most powerful man in the world",
   "genres": "[{'id': 18, 'name': 'Drama'}, {'id': 80, 'name': 'Crime'}, {'id': 36, 'name': 'History'}]",
   "director_id": 190,
   "release_date": "09/11/2011",
   "Popular_set": "Not popular",
   "genre1": "Drama",
   "genre2": "Crime",
   "genre3": "History",
   "genre4": "",
   "genre5": "",
   "genre6": "",
   "genre7": "",
   "revenue_cat": "Low",
   "budget_cat": "Medium",
   "year_release": 2011,
   "date_formatted": "11/9/2011"
 },
 {
   "film": "Jersey Boys",
   "revenue": "67,347,013.00",
   "budget": 40000000,
   "language": "en",
   "popularity": 11.692,
   "runtime": 134,
   "vote_average": 6.8,
   "vote_count": 442,
   "id": 209451,
   "director": "Clint Eastwood",
   "tagline": "",
   "genres": "[{'id': 10402, 'name': 'Music'}, {'id': 18, 'name': 'Drama'}]",
   "director_id": 190,
   "release_date": "05/06/2014",
   "Popular_set": "Not popular",
   "genre1": "Music",
   "genre2": "Drama",
   "genre3": "",
   "genre4": "",
   "genre5": "",
   "genre6": "",
   "genre7": "",
   "revenue_cat": "Low",
   "budget_cat": "Medium",
   "year_release": 2014,
   "date_formatted": "6/5/2014"
 },
 {
   "film": "American Sniper",
   "revenue": "542,307,423.00",
   "budget": 58800000,
   "language": "en",
   "popularity": 21.845,
   "runtime": 133,
   "vote_average": 7.4,
   "vote_count": 8985,
   "id": 190859,
   "director": "Clint Eastwood",
   "tagline": "The most lethal sniper in U.S. history.",
   "genres": "[{'id': 10752, 'name': 'War'}, {'id': 28, 'name': 'Action'}]",
   "director_id": 190,
   "release_date": "11/12/2014",
   "Popular_set": "Not popular",
   "genre1": "War",
   "genre2": "Action",
   "genre3": "",
   "genre4": "",
   "genre5": "",
   "genre6": "",
   "genre7": "",
   "revenue_cat": "High",
   "budget_cat": "Medium",
   "year_release": 2014,
   "date_formatted": "12/11/2014"
 },
 {
   "film": "Sully",
   "revenue": "240,797,623.00",
   "budget": 60000000,
   "language": "en",
   "popularity": 24.061,
   "runtime": 96,
   "vote_average": 7.1,
   "vote_count": 4725,
   "id": 363676,
   "director": "Clint Eastwood",
   "tagline": "The Untold Story Behind the Miracle on the Hudson.",
   "genres": "[{'id': 18, 'name': 'Drama'}, {'id': 36, 'name': 'History'}]",
   "director_id": 190,
   "release_date": "07/09/2016",
   "Popular_set": "Popular",
   "genre1": "Drama",
   "genre2": "History",
   "genre3": "",
   "genre4": "",
   "genre5": "",
   "genre6": "",
   "genre7": "",
   "revenue_cat": "Medium",
   "budget_cat": "Medium",
   "year_release": 2016,
   "date_formatted": "9/7/2016"
 },
 {
   "film": "The 15:17 to Paris",
   "revenue": "57,076,286.00",
   "budget": 30000000,
   "language": "en",
   "popularity": 16.899,
   "runtime": 94,
   "vote_average": 5.4,
   "vote_count": 1027,
   "id": 453201,
   "director": "Clint Eastwood",
   "tagline": "In the face of fear ordinary people can do the extraordinary",
   "genres": "[{'id': 18, 'name': 'Drama'}, {'id': 36, 'name': 'History'}, {'id': 53, 'name': 'Thriller'}]",
   "director_id": 190,
   "release_date": "02/02/2018",
   "Popular_set": "Not popular",
   "genre1": "Drama",
   "genre2": "History",
   "genre3": "Thriller",
   "genre4": "",
   "genre5": "",
   "genre6": "",
   "genre7": "",
   "revenue_cat": "Low",
   "budget_cat": "Medium",
   "year_release": 2018,
   "date_formatted": "2/2/2018"
 },
 {
   "film": "The Mule",
   "revenue": "171,504,407.00",
   "budget": 50000000,
   "language": "en",
   "popularity": 15.503,
   "runtime": 117,
   "vote_average": 6.7,
   "vote_count": 2837,
   "id": 504172,
   "director": "Clint Eastwood",
   "tagline": "Nobody Runs Forever",
   "genres": "[{'id': 80, 'name': 'Crime'}, {'id': 18, 'name': 'Drama'}, {'id': 53, 'name': 'Thriller'}]",
   "director_id": 190,
   "release_date": "14/12/2018",
   "Popular_set": "Not popular",
   "genre1": "Crime",
   "genre2": "Drama",
   "genre3": "Thriller",
   "genre4": "",
   "genre5": "",
   "genre6": "",
   "genre7": "",
   "revenue_cat": "Medium",
   "budget_cat": "Medium",
   "year_release": 2018,
   "date_formatted": "12/14/2018"
 },
 {
   "film": "Richard Jewell",
   "revenue": "33,904,605.00",
   "budget": 45000000,
   "language": "en",
   "popularity": 19.469,
   "runtime": 131,
   "vote_average": 7.5,
   "vote_count": 819,
   "id": 292011,
   "director": "Clint Eastwood",
   "tagline": "",
   "genres": "[{'id': 18, 'name': 'Drama'}, {'id': 80, 'name': 'Crime'}]",
   "director_id": 190,
   "release_date": "13/12/2019",
   "Popular_set": "Not popular",
   "genre1": "Drama",
   "genre2": "Crime",
   "genre3": "",
   "genre4": "",
   "genre5": "",
   "genre6": "",
   "genre7": "",
   "revenue_cat": "Low",
   "budget_cat": "Medium",
   "year_release": 2019,
   "date_formatted": "12/13/2019"
 },
 {
   "film": "Shivers",
   "revenue": "0",
   "budget": 179000,
   "language": "en",
   "popularity": 9.357,
   "runtime": 88,
   "vote_average": 6.4,
   "vote_count": 269,
   "id": 27429,
   "director": "David Cronenberg",
   "tagline": "Going mad is just the beginning of the terror â€¦",
   "genres": "[{'id': 27, 'name': 'Horror'}]",
   "director_id": 224,
   "release_date": "10/10/1975",
   "Popular_set": "Popular",
   "genre1": "Horror",
   "genre2": "Science Fiction",
   "genre3": "",
   "genre4": "",
   "genre5": "",
   "genre6": "",
   "genre7": "",
   "revenue_cat": "Not reported",
   "budget_cat": "Low",
   "year_release": 1975,
   "date_formatted": "10/10/1975"
 },
 {
   "film": "Rabid",
   "revenue": "0",
   "budget": 530000,
   "language": "en",
   "popularity": 8.395,
   "runtime": 91,
   "vote_average": 6.4,
   "vote_count": 197,
   "id": 29437,
   "director": "David Cronenberg",
   "tagline": "Pray it doesnâ€™t happen to you",
   "genres": "[{'id': 27, 'name': 'Horror'}, {'id': 878, 'name': 'Science Fiction'}]",
   "director_id": 224,
   "release_date": "08/04/1977",
   "Popular_set": "Popular",
   "genre1": "Horror",
   "genre2": "Science Fiction",
   "genre3": "",
   "genre4": "",
   "genre5": "",
   "genre6": "",
   "genre7": "",
   "revenue_cat": "Not reported",
   "budget_cat": "Low",
   "year_release": 1977,
   "date_formatted": "4/8/1977"
 },
 {
   "film": "Fast Company",
   "revenue": "0",
   "budget": 1200000,
   "language": "en",
   "popularity": 3.168,
   "runtime": 91,
   "vote_average": 6,
   "vote_count": 24,
   "id": 38493,
   "director": "David Cronenberg",
   "tagline": "Strap yourself into a car that flies 240 miles an hour down a quarter mile track.",
   "genres": "[{'id': 18, 'name': 'Drama'}]",
   "director_id": 224,
   "release_date": "18/05/1979",
   "Popular_set": "Not popular",
   "genre1": "Drama",
   "genre2": "",
   "genre3": "",
   "genre4": "",
   "genre5": "",
   "genre6": "",
   "genre7": "",
   "revenue_cat": "Not reported",
   "budget_cat": "Low",
   "year_release": 1979,
   "date_formatted": "5/18/1979"
 },
 {
   "film": "The Brood",
   "revenue": "0",
   "budget": 1355000,
   "language": "en",
   "popularity": 9.859,
   "runtime": 92,
   "vote_average": 6.7,
   "vote_count": 329,
   "id": 28942,
   "director": "David Cronenberg",
   "tagline": "The Ultimate Experience in Inner Terror",
   "genres": "[{'id': 27, 'name': 'Horror'}, {'id': 878, 'name': 'Science Fiction'}]",
   "director_id": 224,
   "release_date": "25/05/1979",
   "Popular_set": "Popular",
   "genre1": "Horror",
   "genre2": "Science Fiction",
   "genre3": "",
   "genre4": "",
   "genre5": "",
   "genre6": "",
   "genre7": "",
   "revenue_cat": "Not reported",
   "budget_cat": "Low",
   "year_release": 1979,
   "date_formatted": "5/25/1979"
 },
 {
   "film": "Scanners",
   "revenue": "14,225,876.00",
   "budget": 4100000,
   "language": "en",
   "popularity": 9.992,
   "runtime": 103,
   "vote_average": 6.8,
   "vote_count": 579,
   "id": 9538,
   "director": "David Cronenberg",
   "tagline": "10 Seconds: The Pain Begins. 15 Seconds: You Canâ€™t Breathe. 20 Seconds: You Explode.",
   "genres": "[{'id': 878, 'name': 'Science Fiction'}, {'id': 27, 'name': 'Horror'}]",
   "director_id": 224,
   "release_date": "14/01/1981",
   "Popular_set": "Popular",
   "genre1": "Science Fiction",
   "genre2": "Horror",
   "genre3": "",
   "genre4": "",
   "genre5": "",
   "genre6": "",
   "genre7": "",
   "revenue_cat": "Low",
   "budget_cat": "Low",
   "year_release": 1981,
   "date_formatted": "1/14/1981"
 },
 {
   "film": "Videodrome",
   "revenue": "2,120,439.00",
   "budget": 5952000,
   "language": "en",
   "popularity": 10.479,
   "runtime": 88,
   "vote_average": 7.3,
   "vote_count": 1124,
   "id": 837,
   "director": "David Cronenberg",
   "tagline": "First it controls your mind. Then it destroys your body.",
   "genres": "[{'id': 27, 'name': 'Horror'}, {'id': 9648, 'name': 'Mystery'}, {'id': 878, 'name': 'Science Fiction'}]",
   "director_id": 224,
   "release_date": "04/02/1983",
   "Popular_set": "Popular",
   "genre1": "Horror",
   "genre2": "Mystery",
   "genre3": "Science Fiction",
   "genre4": "",
   "genre5": "",
   "genre6": "",
   "genre7": "",
   "revenue_cat": "Low",
   "budget_cat": "Low",
   "year_release": 1983,
   "date_formatted": "2/4/1983"
 },
 {
   "film": "The Dead Zone",
   "revenue": "20,766,616.00",
   "budget": 10000000,
   "language": "en",
   "popularity": 11.697,
   "runtime": 103,
   "vote_average": 7,
   "vote_count": 755,
   "id": 11336,
   "director": "David Cronenberg",
   "tagline": "In his mind, he has the power to see the future. In his hands, he has the power to change it.",
   "genres": "[{'id': 53, 'name': 'Thriller'}, {'id': 27, 'name': 'Horror'}, {'id': 878, 'name': 'Science Fiction'}]",
   "director_id": 224,
   "release_date": "21/10/1983",
   "Popular_set": "Popular",
   "genre1": "Horror",
   "genre2": "Science Fiction",
   "genre3": "Thriller",
   "genre4": "",
   "genre5": "",
   "genre6": "",
   "genre7": "",
   "revenue_cat": "Low",
   "budget_cat": "Low",
   "year_release": 1983,
   "date_formatted": "10/21/1983"
 },
 {
   "film": "The Fly",
   "revenue": "60,629,159.00",
   "budget": 15000000,
   "language": "en",
   "popularity": 12.208,
   "runtime": 96,
   "vote_average": 7.3,
   "vote_count": 2388,
   "id": 9426,
   "director": "David Cronenberg",
   "tagline": "Be afraid. Be very afraid.",
   "genres": "[{'id': 27, 'name': 'Horror'}, {'id': 878, 'name': 'Science Fiction'}]",
   "director_id": 224,
   "release_date": "15/08/1986",
   "Popular_set": "Popular",
   "genre1": "Horror",
   "genre2": "Science Fiction",
   "genre3": "",
   "genre4": "",
   "genre5": "",
   "genre6": "",
   "genre7": "",
   "revenue_cat": "Low",
   "budget_cat": "Low",
   "year_release": 1986,
   "date_formatted": "8/15/1986"
 },
 {
   "film": "Dead Ringers",
   "revenue": "8,038,508.00",
   "budget": 13000000,
   "language": "en",
   "popularity": 11.263,
   "runtime": 115,
   "vote_average": 7.1,
   "vote_count": 411,
   "id": 9540,
   "director": "David Cronenberg",
   "tagline": "Two bodies. Two minds. One soul.",
   "genres": "[{'id': 53, 'name': 'Thriller'}, {'id': 27, 'name': 'Horror'}]",
   "director_id": 224,
   "release_date": "23/09/1988",
   "Popular_set": "Not popular",
   "genre1": "Thriller",
   "genre2": "Horror",
   "genre3": "",
   "genre4": "",
   "genre5": "",
   "genre6": "",
   "genre7": "",
   "revenue_cat": "Low",
   "budget_cat": "Low",
   "year_release": 1988,
   "date_formatted": "9/23/1988"
 },
 {
   "film": "Naked Lunch",
   "revenue": "0",
   "budget": 16000000,
   "language": "en",
   "popularity": 11.519,
   "runtime": 115,
   "vote_average": 7,
   "vote_count": 513,
   "id": 2742,
   "director": "David Cronenberg",
   "tagline": "Exterminate all rational thought.",
   "genres": "[{'id': 80, 'name': 'Crime'}, {'id': 18, 'name': 'Drama'}]",
   "director_id": 224,
   "release_date": "27/12/1991",
   "Popular_set": "Popular",
   "genre1": "Crime",
   "genre2": "Drama",
   "genre3": "",
   "genre4": "",
   "genre5": "",
   "genre6": "",
   "genre7": "",
   "revenue_cat": "Not reported",
   "budget_cat": "Low",
   "year_release": 1991,
   "date_formatted": "12/27/1991"
 },
 {
   "film": "M. Butterfly",
   "revenue": "1,499,795.00",
   "budget": 0,
   "language": "en",
   "popularity": 6.891,
   "runtime": 101,
   "vote_average": 6.8,
   "vote_count": 86,
   "id": 1413,
   "director": "David Cronenberg",
   "tagline": "",
   "genres": "[{'id': 18, 'name': 'Drama'}, {'id': 10749, 'name': 'Romance'}]",
   "director_id": 224,
   "release_date": "09/09/1993",
   "Popular_set": "Not popular",
   "genre1": "Drama",
   "genre2": "Romance",
   "genre3": "",
   "genre4": "",
   "genre5": "",
   "genre6": "",
   "genre7": "",
   "revenue_cat": "Low",
   "budget_cat": "Not reported",
   "year_release": 1993,
   "date_formatted": "9/9/1993"
 },
 {
   "film": "Crash",
   "revenue": "0",
   "budget": 10000000,
   "language": "en",
   "popularity": 10.503,
   "runtime": 90,
   "vote_average": 6.5,
   "vote_count": 470,
   "id": 884,
   "director": "David Cronenberg",
   "tagline": "Love in the dying moments of the twentieth century",
   "genres": "[{'id': 18, 'name': 'Drama'}, {'id': 53, 'name': 'Thriller'}, {'id': 10749, 'name': 'Romance'}]",
   "director_id": 224,
   "release_date": "17/07/1996",
   "Popular_set": "Popular",
   "genre1": "Drama",
   "genre2": "Thriller",
   "genre3": "Romance",
   "genre4": "",
   "genre5": "",
   "genre6": "",
   "genre7": "",
   "revenue_cat": "Not reported",
   "budget_cat": "Low",
   "year_release": 1996,
   "date_formatted": "7/17/1996"
 },
 {
   "film": "eXistenZ",
   "revenue": "2,856,712.00",
   "budget": 15000000,
   "language": "en",
   "popularity": 14.608,
   "runtime": 97,
   "vote_average": 6.8,
   "vote_count": 1065,
   "id": 1946,
   "director": "David Cronenberg",
   "tagline": "Play it. Live it. Kill for it.",
   "genres": "[{'id': 28, 'name': 'Action'}, {'id': 53, 'name': 'Thriller'}, {'id': 878, 'name': 'Science Fiction'}, {'id': 27, 'name': 'Horror'}]",
   "director_id": 224,
   "release_date": "14/04/1999",
   "Popular_set": "Popular",
   "genre1": "Action",
   "genre2": "Horror",
   "genre3": "Science Fiction",
   "genre4": "Thriller",
   "genre5": "",
   "genre6": "",
   "genre7": "",
   "revenue_cat": "Low",
   "budget_cat": "Low",
   "year_release": 1999,
   "date_formatted": "4/14/1999"
 },
 {
   "film": "Spider",
   "revenue": "0",
   "budget": 0,
   "language": "en",
   "popularity": 9.986,
   "runtime": 98,
   "vote_average": 6.6,
   "vote_count": 407,
   "id": 9613,
   "director": "David Cronenberg",
   "tagline": "The only thing worse than losing your mind... is finding it again.",
   "genres": "[{'id': 18, 'name': 'Drama'}, {'id': 9648, 'name': 'Mystery'}, {'id': 53, 'name': 'Thriller'}]",
   "director_id": 224,
   "release_date": "13/12/2002",
   "Popular_set": "Not popular",
   "genre1": "Drama",
   "genre2": "Mistery",
   "genre3": "Thriller",
   "genre4": "",
   "genre5": "",
   "genre6": "",
   "genre7": "",
   "revenue_cat": "Not reported",
   "budget_cat": "Not reported",
   "year_release": 2002,
   "date_formatted": "12/13/2002"
 },
 {
   "film": "A History of Violence",
   "revenue": "60,740,827.00",
   "budget": 32000000,
   "language": "en",
   "popularity": 9.807,
   "runtime": 96,
   "vote_average": 7.2,
   "vote_count": 1825,
   "id": 59,
   "director": "David Cronenberg",
   "tagline": "Tom Stall had the perfect life â€¦ until he became a hero.",
   "genres": "[{'id': 18, 'name': 'Drama'}, {'id': 53, 'name': 'Thriller'}, {'id': 80, 'name': 'Crime'}]",
   "director_id": 224,
   "release_date": "23/09/2005",
   "Popular_set": "Popular",
   "genre1": "Drama",
   "genre2": "Thriller",
   "genre3": "Crime",
   "genre4": "",
   "genre5": "",
   "genre6": "",
   "genre7": "",
   "revenue_cat": "Low",
   "budget_cat": "Medium",
   "year_release": 2005,
   "date_formatted": "9/23/2005"
 },
 {
   "film": "Eastern Promises",
   "revenue": "56,106,607.00",
   "budget": 51500000,
   "language": "en",
   "popularity": 15.214,
   "runtime": 100,
   "vote_average": 7.4,
   "vote_count": 1902,
   "id": 2252,
   "director": "David Cronenberg",
   "tagline": "Every sin leaves a mark.",
   "genres": "[{'id': 53, 'name': 'Thriller'}, {'id': 80, 'name': 'Crime'}, {'id': 9648, 'name': 'Mystery'}]",
   "director_id": 224,
   "release_date": "14/09/2007",
   "Popular_set": "Not popular",
   "genre1": "Thriller",
   "genre2": "Crime",
   "genre3": "Mistery",
   "genre4": "",
   "genre5": "",
   "genre6": "",
   "genre7": "",
   "revenue_cat": "Low",
   "budget_cat": "Medium",
   "year_release": 2007,
   "date_formatted": "9/14/2007"
 },
 {
   "film": "A Dangerous Method",
   "revenue": "27,462,041.00",
   "budget": 15000000,
   "language": "en",
   "popularity": 15.732,
   "runtime": 99,
   "vote_average": 6.3,
   "vote_count": 1298,
   "id": 48231,
   "director": "David Cronenberg",
   "tagline": "Why deny what you desire the most.",
   "genres": "[{'id': 18, 'name': 'Drama'}, {'id': 53, 'name': 'Thriller'}]",
   "director_id": 224,
   "release_date": "30/09/2011",
   "Popular_set": "Not popular",
   "genre1": "Drama",
   "genre2": "Thriller",
   "genre3": "",
   "genre4": "",
   "genre5": "",
   "genre6": "",
   "genre7": "",
   "revenue_cat": "Low",
   "budget_cat": "Low",
   "year_release": 2011,
   "date_formatted": "9/30/2011"
 },
 {
   "film": "Cosmopolis",
   "revenue": "6,063,556.00",
   "budget": 20500000,
   "language": "en",
   "popularity": 9.255,
   "runtime": 109,
   "vote_average": 5.6,
   "vote_count": 693,
   "id": 49014,
   "director": "David Cronenberg",
   "tagline": "How far can he go before he goes too far?",
   "genres": "[{'id': 18, 'name': 'Drama'}]",
   "director_id": 224,
   "release_date": "25/05/2012",
   "Popular_set": "Not popular",
   "genre1": "Drama",
   "genre2": "",
   "genre3": "",
   "genre4": "",
   "genre5": "",
   "genre6": "",
   "genre7": "",
   "revenue_cat": "Low",
   "budget_cat": "Medium",
   "year_release": 2012,
   "date_formatted": "5/25/2012"
 },
 {
   "film": "Maps to the Stars",
   "revenue": "1,338,365.00",
   "budget": 15000000,
   "language": "en",
   "popularity": 11.917,
   "runtime": 112,
   "vote_average": 6.1,
   "vote_count": 718,
   "id": 157851,
   "director": "David Cronenberg",
   "tagline": "Eventually stars burn out.",
   "genres": "[{'id': 18, 'name': 'Drama'}]",
   "director_id": 224,
   "release_date": "21/05/2014",
   "Popular_set": "Not popular",
   "genre1": "Drama",
   "genre2": "",
   "genre3": "",
   "genre4": "",
   "genre5": "",
   "genre6": "",
   "genre7": "",
   "revenue_cat": "Low",
   "budget_cat": "Low",
   "year_release": 2014,
   "date_formatted": "5/21/2014"
 },
 {
   "film": "Duel",
   "revenue": "0",
   "budget": 450000,
   "language": "en",
   "popularity": 11.444,
   "runtime": 90,
   "vote_average": 7.4,
   "vote_count": 961,
   "id": 839,
   "director": "Steven Spielberg",
   "tagline": "The most bizarre murder weapon ever used!",
   "genres": "[{'id': 28, 'name': 'Action'}, {'id': 53, 'name': 'Thriller'}, {'id': 10770, 'name': 'TV Movie'}]",
   "director_id": 488,
   "release_date": "25/12/1971",
   "Popular_set": "Popular",
   "genre1": "Action",
   "genre2": "Thriller",
   "genre3": "TV Movie",
   "genre4": "",
   "genre5": "",
   "genre6": "",
   "genre7": "",
   "revenue_cat": "Not reported",
   "budget_cat": "Low",
   "year_release": 1971,
   "date_formatted": "12/25/1971"
 },
 {
   "film": "The Sugarland Express",
   "revenue": "12,800,000.00",
   "budget": 3000000,
   "language": "en",
   "popularity": 8.725,
   "runtime": 110,
   "vote_average": 6.6,
   "vote_count": 176,
   "id": 5121,
   "director": "Steven Spielberg",
   "tagline": "Every cop in the state was after her. Everybody else was behind her.",
   "genres": "[{'id': 80, 'name': 'Crime'}, {'id': 18, 'name': 'Drama'}]",
   "director_id": 488,
   "release_date": "05/04/1974",
   "Popular_set": "Popular",
   "genre1": "Crime",
   "genre2": "Drama",
   "genre3": "",
   "genre4": "",
   "genre5": "",
   "genre6": "",
   "genre7": "",
   "revenue_cat": "Low",
   "budget_cat": "Low",
   "year_release": 1974,
   "date_formatted": "4/5/1974"
 },
 {
   "film": "Jaws",
   "revenue": "470,653,000.00",
   "budget": 7000000,
   "language": "en",
   "popularity": 23.379,
   "runtime": 124,
   "vote_average": 7.6,
   "vote_count": 6196,
   "id": 578,
   "director": "Steven Spielberg",
   "tagline": "Don't go in the water",
   "genres": "[{'id': 27, 'name': 'Horror'}, {'id': 53, 'name': 'Thriller'}, {'id': 12, 'name': 'Adventure'}]",
   "director_id": 488,
   "release_date": "18/06/1975",
   "Popular_set": "Popular",
   "genre1": "Adventure",
   "genre2": "Horror",
   "genre3": "Thriller",
   "genre4": "",
   "genre5": "",
   "genre6": "",
   "genre7": "",
   "revenue_cat": "High",
   "budget_cat": "Low",
   "year_release": 1975,
   "date_formatted": "6/18/1975"
 },
 {
   "film": "Close Encounters of the Third Kind",
   "revenue": "303,788,635.00",
   "budget": 20000000,
   "language": "en",
   "popularity": 25.158,
   "runtime": 135,
   "vote_average": 7.4,
   "vote_count": 2510,
   "id": 840,
   "director": "Steven Spielberg",
   "tagline": "We are not alone",
   "genres": "[{'id': 878, 'name': 'Science Fiction'}, {'id': 18, 'name': 'Drama'}]",
   "director_id": 488,
   "release_date": "18/11/1977",
   "Popular_set": "Popular",
   "genre1": "Drama",
   "genre2": "Science Fiction",
   "genre3": "",
   "genre4": "",
   "genre5": "",
   "genre6": "",
   "genre7": "",
   "revenue_cat": "Medium",
   "budget_cat": "Medium",
   "year_release": 1977,
   "date_formatted": "11/18/1977"
 },
 {
   "film": "1941",
   "revenue": "31,755,742.00",
   "budget": 35000000,
   "language": "en",
   "popularity": 9.92,
   "runtime": 118,
   "vote_average": 5.9,
   "vote_count": 331,
   "id": 11519,
   "director": "Steven Spielberg",
   "tagline": "Paranoia meets pandemonium.",
   "genres": "[{'id': 35, 'name': 'Comedy'}]",
   "director_id": 488,
   "release_date": "13/12/1979",
   "Popular_set": "Popular",
   "genre1": "Comedy",
   "genre2": "",
   "genre3": "",
   "genre4": "",
   "genre5": "",
   "genre6": "",
   "genre7": "",
   "revenue_cat": "Low",
   "budget_cat": "Medium",
   "year_release": 1979,
   "date_formatted": "12/13/1979"
 },
 {
   "film": "Raiders of the Lost Ark",
   "revenue": "389,925,971.00",
   "budget": 18000000,
   "language": "en",
   "popularity": 30.341,
   "runtime": 115,
   "vote_average": 7.9,
   "vote_count": 7881,
   "id": 85,
   "director": "Steven Spielberg",
   "tagline": "Indiana Jones - the new hero from the creators of JAWS and STAR WARS.",
   "genres": "[{'id': 12, 'name': 'Adventure'}, {'id': 28, 'name': 'Action'}]",
   "director_id": 488,
   "release_date": "12/06/1981",
   "Popular_set": "Popular",
   "genre1": "Action",
   "genre2": "Adventure",
   "genre3": "",
   "genre4": "",
   "genre5": "",
   "genre6": "",
   "genre7": "",
   "revenue_cat": "Medium",
   "budget_cat": "Low",
   "year_release": 1981,
   "date_formatted": "6/12/1981"
 },
 {
   "film": "E.T. the Extra-Terrestrial",
   "revenue": "792,965,326.00",
   "budget": 10500000,
   "language": "en",
   "popularity": 23.13,
   "runtime": 115,
   "vote_average": 7.5,
   "vote_count": 7673,
   "id": 601,
   "director": "Steven Spielberg",
   "tagline": "He is afraid. He is alone. He is three million light years from home.",
   "genres": "[{'id': 878, 'name': 'Science Fiction'}, {'id': 12, 'name': 'Adventure'}, {'id': 10751, 'name': 'Family'}, {'id': 14, 'name': 'Fantasy'}]",
   "director_id": 488,
   "release_date": "11/06/1982",
   "Popular_set": "Popular",
   "genre1": "Science Fiction",
   "genre2": "Adventure",
   "genre3": "Family",
   "genre4": "Fantasy",
   "genre5": "",
   "genre6": "",
   "genre7": "",
   "revenue_cat": "High",
   "budget_cat": "Low",
   "year_release": 1982,
   "date_formatted": "6/11/1982"
 },
 {
   "film": "Indiana Jones and the Temple of Doom",
   "revenue": "333,000,000.00",
   "budget": 28000000,
   "language": "en",
   "popularity": 26.708,
   "runtime": 118,
   "vote_average": 7.3,
   "vote_count": 5775,
   "id": 87,
   "director": "Steven Spielberg",
   "tagline": "If adventure has a name... it must be Indiana Jones.",
   "genres": "[{'id': 12, 'name': 'Adventure'}, {'id': 28, 'name': 'Action'}]",
   "director_id": 488,
   "release_date": "23/05/1984",
   "Popular_set": "Popular",
   "genre1": "Adventure",
   "genre2": "Action",
   "genre3": "",
   "genre4": "",
   "genre5": "",
   "genre6": "",
   "genre7": "",
   "revenue_cat": "Medium",
   "budget_cat": "Medium",
   "year_release": 1984,
   "date_formatted": "5/23/1984"
 },
 {
   "film": "The Color Purple",
   "revenue": "146,292,009.00",
   "budget": 15000000,
   "language": "en",
   "popularity": 11.861,
   "runtime": 154,
   "vote_average": 7.8,
   "vote_count": 909,
   "id": 873,
   "director": "Steven Spielberg",
   "tagline": "It's about life. It's about love. It's about us.",
   "genres": "[{'id': 18, 'name': 'Drama'}]",
   "director_id": 488,
   "release_date": "18/12/1985",
   "Popular_set": "Popular",
   "genre1": "Drama",
   "genre2": "",
   "genre3": "",
   "genre4": "",
   "genre5": "",
   "genre6": "",
   "genre7": "",
   "revenue_cat": "Medium",
   "budget_cat": "Low",
   "year_release": 1985,
   "date_formatted": "12/18/1985"
 },
 {
   "film": "Empire of the Sun",
   "revenue": "66,700,000.00",
   "budget": 35000000,
   "language": "en",
   "popularity": 9.992,
   "runtime": 153,
   "vote_average": 7.5,
   "vote_count": 1059,
   "id": 10110,
   "director": "Steven Spielberg",
   "tagline": "To survive in a world at war, he must find a strength greater than all the events that surround him.",
   "genres": "[{'id': 18, 'name': 'Drama'}, {'id': 36, 'name': 'History'}, {'id': 10752, 'name': 'War'}]",
   "director_id": 488,
   "release_date": "09/12/1987",
   "Popular_set": "Not popular",
   "genre1": "Drama",
   "genre2": "History",
   "genre3": "War",
   "genre4": "",
   "genre5": "",
   "genre6": "",
   "genre7": "",
   "revenue_cat": "Low",
   "budget_cat": "Medium",
   "year_release": 1987,
   "date_formatted": "12/9/1987"
 },
 {
   "film": "Indiana Jones and the Last Crusade",
   "revenue": "474,171,806.00",
   "budget": 48000000,
   "language": "en",
   "popularity": 23.17,
   "runtime": 127,
   "vote_average": 7.8,
   "vote_count": 6359,
   "id": 89,
   "director": "Steven Spielberg",
   "tagline": "The man with the hat is back. And this time, he's bringing his Dad.",
   "genres": "[{'id': 12, 'name': 'Adventure'}, {'id': 28, 'name': 'Action'}]",
   "director_id": 488,
   "release_date": "24/05/1989",
   "Popular_set": "Popular",
   "genre1": "Adventure",
   "genre2": "Action",
   "genre3": "",
   "genre4": "",
   "genre5": "",
   "genre6": "",
   "genre7": "",
   "revenue_cat": "High",
   "budget_cat": "Medium",
   "year_release": 1989,
   "date_formatted": "5/24/1989"
 },
 {
   "film": "Always",
   "revenue": "74,134,790.00",
   "budget": 31000000,
   "language": "en",
   "popularity": 9.071,
   "runtime": 122,
   "vote_average": 6.3,
   "vote_count": 317,
   "id": 11352,
   "director": "Steven Spielberg",
   "tagline": "They couldn't hear him. They couldn't see him. But he was there when they needed him... Even after he was gone.",
   "genres": "[{'id': 14, 'name': 'Fantasy'}, {'id': 10749, 'name': 'Romance'}]",
   "director_id": 488,
   "release_date": "22/12/1989",
   "Popular_set": "Not popular",
   "genre1": "Fantasy",
   "genre2": "Romance",
   "genre3": "",
   "genre4": "",
   "genre5": "",
   "genre6": "",
   "genre7": "",
   "revenue_cat": "Low",
   "budget_cat": "Medium",
   "year_release": 1989,
   "date_formatted": "12/22/1989"
 },
 {
   "film": "Hook",
   "revenue": "300,854,823.00",
   "budget": 70000000,
   "language": "en",
   "popularity": 15.223,
   "runtime": 142,
   "vote_average": 6.9,
   "vote_count": 3522,
   "id": 879,
   "director": "Steven Spielberg",
   "tagline": "What if Peter Pan grew up?",
   "genres": "[{'id': 12, 'name': 'Adventure'}, {'id': 14, 'name': 'Fantasy'}, {'id': 35, 'name': 'Comedy'}, {'id': 10751, 'name': 'Family'}]",
   "director_id": 488,
   "release_date": "10/04/1991",
   "Popular_set": "Not popular",
   "genre1": "Adventure",
   "genre2": "Fantasy",
   "genre3": "Comedy",
   "genre4": "Family",
   "genre5": "",
   "genre6": "",
   "genre7": "",
   "revenue_cat": "Medium",
   "budget_cat": "Medium",
   "year_release": 1991,
   "date_formatted": "4/10/1991"
 },
 {
   "film": "Jurassic Park",
   "revenue": "920,100,000.00",
   "budget": 63000000,
   "language": "en",
   "popularity": 15.781,
   "runtime": 127,
   "vote_average": 7.9,
   "vote_count": 10638,
   "id": 329,
   "director": "Steven Spielberg",
   "tagline": "An adventure 65 million years in the making.",
   "genres": "[{'id': 12, 'name': 'Adventure'}, {'id': 878, 'name': 'Science Fiction'}]",
   "director_id": 488,
   "release_date": "11/06/1993",
   "Popular_set": "Popular",
   "genre1": "Adventure",
   "genre2": "Science Fiction",
   "genre3": "",
   "genre4": "",
   "genre5": "",
   "genre6": "",
   "genre7": "",
   "revenue_cat": "Very high",
   "budget_cat": "Medium",
   "year_release": 1993,
   "date_formatted": "6/11/1993"
 },
 {
   "film": "Schindler's List",
   "revenue": "321,365,567.00",
   "budget": 22000000,
   "language": "en",
   "popularity": 31.91,
   "runtime": 195,
   "vote_average": 8.6,
   "vote_count": 9682,
   "id": 424,
   "director": "Steven Spielberg",
   "tagline": "Whoever saves one life, saves the world entire.",
   "genres": "[{'id': 18, 'name': 'Drama'}, {'id': 36, 'name': 'History'}, {'id': 10752, 'name': 'War'}]",
   "director_id": 488,
   "release_date": "30/11/1993",
   "Popular_set": "Popular",
   "genre1": "Drama",
   "genre2": "History",
   "genre3": "War",
   "genre4": "",
   "genre5": "",
   "genre6": "",
   "genre7": "",
   "revenue_cat": "Medium",
   "budget_cat": "Medium",
   "year_release": 1993,
   "date_formatted": "11/30/1993"
 },
 {
   "film": "The Lost World: Jurassic Park",
   "revenue": "618,638,999.00",
   "budget": 73000000,
   "language": "en",
   "popularity": 1.059,
   "runtime": 129,
   "vote_average": 6.4,
   "vote_count": 5299,
   "id": 330,
   "director": "Steven Spielberg",
   "tagline": "Something has survived.",
   "genres": "[{'id': 12, 'name': 'Adventure'}, {'id': 28, 'name': 'Action'}, {'id': 878, 'name': 'Science Fiction'}]",
   "director_id": 488,
   "release_date": "23/05/1997",
   "Popular_set": "Not popular",
   "genre1": "Adventure",
   "genre2": "Action",
   "genre3": "Science Fiction",
   "genre4": "",
   "genre5": "",
   "genre6": "",
   "genre7": "",
   "revenue_cat": "High",
   "budget_cat": "Medium",
   "year_release": 1997,
   "date_formatted": "5/23/1997"
 },
 {
   "film": "Amistad",
   "revenue": "74,000,000.00",
   "budget": 36000000,
   "language": "en",
   "popularity": 2.804,
   "runtime": 155,
   "vote_average": 7,
   "vote_count": 771,
   "id": 11831,
   "director": "Steven Spielberg",
   "tagline": "Freedom is not given. It is our right at birth. But there are some moments when it must be taken.",
   "genres": "[{'id': 18, 'name': 'Drama'}, {'id': 36, 'name': 'History'}, {'id': 9648, 'name': 'Mystery'}]",
   "director_id": 488,
   "release_date": "03/12/1997",
   "Popular_set": "Not popular",
   "genre1": "Drama",
   "genre2": "History",
   "genre3": "Mistery",
   "genre4": "",
   "genre5": "",
   "genre6": "",
   "genre7": "",
   "revenue_cat": "Low",
   "budget_cat": "Medium",
   "year_release": 1997,
   "date_formatted": "12/3/1997"
 },
 {
   "film": "Saving Private Ryan",
   "revenue": "481,840,909.00",
   "budget": 70000000,
   "language": "en",
   "popularity": 29.647,
   "runtime": 169,
   "vote_average": 8.1,
   "vote_count": 10174,
   "id": 857,
   "director": "Steven Spielberg",
   "tagline": "The mission is a man.",
   "genres": "[{'id': 18, 'name': 'Drama'}, {'id': 36, 'name': 'History'}, {'id': 10752, 'name': 'War'}]",
   "director_id": 488,
   "release_date": "24/07/1998",
   "Popular_set": "Popular",
   "genre1": "Drama",
   "genre2": "History",
   "genre3": "War",
   "genre4": "",
   "genre5": "",
   "genre6": "",
   "genre7": "",
   "revenue_cat": "High",
   "budget_cat": "Medium",
   "year_release": 1998,
   "date_formatted": "7/24/1998"
 },
 {
   "film": "A.I. Artificial Intelligence",
   "revenue": "235,926,552.00",
   "budget": 100000000,
   "language": "en",
   "popularity": 16.01,
   "runtime": 146,
   "vote_average": 7,
   "vote_count": 4100,
   "id": 644,
   "director": "Steven Spielberg",
   "tagline": "David is 11 years old. He weighs 60 pounds. He is 4 feet, 6 inches tall. He has brown hair. His love is real. But he is not.",
   "genres": "[{'id': 18, 'name': 'Drama'}, {'id': 878, 'name': 'Science Fiction'}, {'id': 12, 'name': 'Adventure'}]",
   "director_id": 488,
   "release_date": "29/06/2001",
   "Popular_set": "Popular",
   "genre1": "Adventure",
   "genre2": "Drama",
   "genre3": "Science Fiction",
   "genre4": "",
   "genre5": "",
   "genre6": "",
   "genre7": "",
   "revenue_cat": "Medium",
   "budget_cat": "High",
   "year_release": 2001,
   "date_formatted": "6/29/2001"
 },
 {
   "film": "Minority Report",
   "revenue": "358,372,926.00",
   "budget": 102000000,
   "language": "en",
   "popularity": 16.908,
   "runtime": 145,
   "vote_average": 7.3,
   "vote_count": 5469,
   "id": 180,
   "director": "Steven Spielberg",
   "tagline": "The system is perfect until it comes after you.",
   "genres": "[{'id': 28, 'name': 'Action'}, {'id': 53, 'name': 'Thriller'}, {'id': 878, 'name': 'Science Fiction'}, {'id': 9648, 'name': 'Mystery'}]",
   "director_id": 488,
   "release_date": "20/06/2002",
   "Popular_set": "Popular",
   "genre1": "Action",
   "genre2": "Thriller",
   "genre3": "Science Fiction",
   "genre4": "Mystery",
   "genre5": "",
   "genre6": "",
   "genre7": "",
   "revenue_cat": "Medium",
   "budget_cat": "High",
   "year_release": 2002,
   "date_formatted": "6/20/2002"
 },
 {
   "film": "Catch Me If You Can",
   "revenue": "352,114,312.00",
   "budget": 52000000,
   "language": "en",
   "popularity": 20.763,
   "runtime": 141,
   "vote_average": 7.9,
   "vote_count": 9137,
   "id": 640,
   "director": "Steven Spielberg",
   "tagline": "The true story of a real fake.",
   "genres": "[{'id': 18, 'name': 'Drama'}, {'id': 80, 'name': 'Crime'}]",
   "director_id": 488,
   "release_date": "25/12/2002",
   "Popular_set": "Popular",
   "genre1": "Crime",
   "genre2": "Drama",
   "genre3": "",
   "genre4": "",
   "genre5": "",
   "genre6": "",
   "genre7": "",
   "revenue_cat": "Medium",
   "budget_cat": "Medium",
   "year_release": 2002,
   "date_formatted": "12/25/2002"
 },
 {
   "film": "The Terminal",
   "revenue": "219,417,255.00",
   "budget": 60000000,
   "language": "en",
   "popularity": 21.652,
   "runtime": 128,
   "vote_average": 7.3,
   "vote_count": 4780,
   "id": 594,
   "director": "Steven Spielberg",
   "tagline": "Life is waiting.",
   "genres": "[{'id': 35, 'name': 'Comedy'}, {'id': 18, 'name': 'Drama'}]",
   "director_id": 488,
   "release_date": "17/06/2004",
   "Popular_set": "Not popular",
   "genre1": "Comedy",
   "genre2": "Drama",
   "genre3": "",
   "genre4": "",
   "genre5": "",
   "genre6": "",
   "genre7": "",
   "revenue_cat": "Medium",
   "budget_cat": "Medium",
   "year_release": 2004,
   "date_formatted": "6/17/2004"
 },
 {
   "film": "War of the Worlds",
   "revenue": "591,739,379.00",
   "budget": 132000000,
   "language": "en",
   "popularity": 19.273,
   "runtime": 116,
   "vote_average": 6.4,
   "vote_count": 5307,
   "id": 74,
   "director": "Steven Spielberg",
   "tagline": "They're already here.",
   "genres": "[{'id': 12, 'name': 'Adventure'}, {'id': 53, 'name': 'Thriller'}, {'id': 878, 'name': 'Science Fiction'}]",
   "director_id": 488,
   "release_date": "28/06/2005",
   "Popular_set": "Popular",
   "genre1": "Adventure",
   "genre2": "Science Fiction",
   "genre3": "Thriller",
   "genre4": "",
   "genre5": "",
   "genre6": "",
   "genre7": "",
   "revenue_cat": "High",
   "budget_cat": "High",
   "year_release": 2005,
   "date_formatted": "6/28/2005"
 },
 {
   "film": "Munich",
   "revenue": "130,358,911.00",
   "budget": 70000000,
   "language": "en",
   "popularity": 12.392,
   "runtime": 164,
   "vote_average": 7.1,
   "vote_count": 1515,
   "id": 612,
   "director": "Steven Spielberg",
   "tagline": "The world was watching in 1972 as 11 Israeli athletes were murdered at the Munich Olympics. This is the story of what happened next.",
   "genres": "[{'id': 18, 'name': 'Drama'}, {'id': 28, 'name': 'Action'}, {'id': 36, 'name': 'History'}, {'id': 53, 'name': 'Thriller'}]",
   "director_id": 488,
   "release_date": "23/12/2005",
   "Popular_set": "Not popular",
   "genre1": "Drama",
   "genre2": "Action",
   "genre3": "History",
   "genre4": "Thriller",
   "genre5": "",
   "genre6": "",
   "genre7": "",
   "revenue_cat": "Medium",
   "budget_cat": "Medium",
   "year_release": 2005,
   "date_formatted": "12/23/2005"
 },
 {
   "film": "Indiana Jones and the Kingdom of the Crystal Skull",
   "revenue": "786,636,033.00",
   "budget": 185000000,
   "language": "en",
   "popularity": 23.582,
   "runtime": 122,
   "vote_average": 5.9,
   "vote_count": 5295,
   "id": 217,
   "director": "Steven Spielberg",
   "tagline": "The adventure continues . . .",
   "genres": "[{'id': 12, 'name': 'Adventure'}, {'id': 28, 'name': 'Action'}]",
   "director_id": 488,
   "release_date": "21/05/2008",
   "Popular_set": "Popular",
   "genre1": "Action",
   "genre2": "Adventure",
   "genre3": "",
   "genre4": "",
   "genre5": "",
   "genre6": "",
   "genre7": "",
   "revenue_cat": "High",
   "budget_cat": "Very high",
   "year_release": 2008,
   "date_formatted": "5/21/2008"
 },
 {
   "film": "The Adventures of Tintin",
   "revenue": "371,940,071.00",
   "budget": 130000000,
   "language": "en",
   "popularity": 21.232,
   "runtime": 107,
   "vote_average": 6.8,
   "vote_count": 3735,
   "id": 17578,
   "director": "Steven Spielberg",
   "tagline": "This year, discover how far adventure will take you.",
   "genres": "[{'id': 12, 'name': 'Adventure'}, {'id': 16, 'name': 'Animation'}, {'id': 9648, 'name': 'Mystery'}]",
   "director_id": 488,
   "release_date": "25/10/2011",
   "Popular_set": "Popular",
   "genre1": "Adventure",
   "genre2": "Animation",
   "genre3": "Mystery",
   "genre4": "",
   "genre5": "",
   "genre6": "",
   "genre7": "",
   "revenue_cat": "Medium",
   "budget_cat": "High",
   "year_release": 2011,
   "date_formatted": "10/25/2011"
 },
 {
   "film": "War Horse",
   "revenue": "177,584,879.00",
   "budget": 66000000,
   "language": "en",
   "popularity": 14.477,
   "runtime": 146,
   "vote_average": 7.2,
   "vote_count": 2212,
   "id": 57212,
   "director": "Steven Spielberg",
   "tagline": "Separated by War. Tested by Battle. Bound by Friendship.",
   "genres": "[{'id': 18, 'name': 'Drama'}, {'id': 10752, 'name': 'War'}, {'id': 28, 'name': 'Action'}]",
   "director_id": 488,
   "release_date": "25/12/2011",
   "Popular_set": "Not popular",
   "genre1": "Drama",
   "genre2": "War",
   "genre3": "Action",
   "genre4": "",
   "genre5": "",
   "genre6": "",
   "genre7": "",
   "revenue_cat": "Medium",
   "budget_cat": "Medium",
   "year_release": 2011,
   "date_formatted": "12/25/2011"
 },
 {
   "film": "Lincoln",
   "revenue": "275,293,450.00",
   "budget": 65000000,
   "language": "en",
   "popularity": 12.887,
   "runtime": 149,
   "vote_average": 6.8,
   "vote_count": 2596,
   "id": 72976,
   "director": "Steven Spielberg",
   "tagline": "With the moral courage and fierce determination to succeed, his choices will change the fate of generations to come.",
   "genres": "[{'id': 36, 'name': 'History'}, {'id': 18, 'name': 'Drama'}]",
   "director_id": 488,
   "release_date": "09/11/2012",
   "Popular_set": "Not popular",
   "genre1": "History",
   "genre2": "Drama",
   "genre3": "",
   "genre4": "",
   "genre5": "",
   "genre6": "",
   "genre7": "",
   "revenue_cat": "Medium",
   "budget_cat": "Medium",
   "year_release": 2012,
   "date_formatted": "11/9/2012"
 },
 {
   "film": "Bridge of Spies",
   "revenue": "165,478,348.00",
   "budget": 40000000,
   "language": "en",
   "popularity": 16.303,
   "runtime": 141,
   "vote_average": 7.2,
   "vote_count": 4917,
   "id": 296098,
   "director": "Steven Spielberg",
   "tagline": "In the shadow of war, one man showed the world what we stood for.",
   "genres": "[{'id': 53, 'name': 'Thriller'}, {'id': 18, 'name': 'Drama'}]",
   "director_id": 488,
   "release_date": "15/10/2015",
   "Popular_set": "Not popular",
   "genre1": "Thriller",
   "genre2": "Drama",
   "genre3": "",
   "genre4": "",
   "genre5": "",
   "genre6": "",
   "genre7": "",
   "revenue_cat": "Medium",
   "budget_cat": "Medium",
   "year_release": 2015,
   "date_formatted": "10/15/2015"
 },
 {
   "film": "The BFG",
   "revenue": "183,345,589.00",
   "budget": 140000000,
   "language": "en",
   "popularity": 18.538,
   "runtime": 120,
   "vote_average": 6.2,
   "vote_count": 2230,
   "id": 267935,
   "director": "Steven Spielberg",
   "tagline": "The world is more giant than you can imagine.",
   "genres": "[{'id': 12, 'name': 'Adventure'}, {'id': 10751, 'name': 'Family'}, {'id': 14, 'name': 'Fantasy'}]",
   "director_id": 488,
   "release_date": "01/06/2016",
   "Popular_set": "Not popular",
   "genre1": "Adventure",
   "genre2": "Family",
   "genre3": "Fantasy",
   "genre4": "",
   "genre5": "",
   "genre6": "",
   "genre7": "",
   "revenue_cat": "Medium",
   "budget_cat": "High",
   "year_release": 2016,
   "date_formatted": "6/1/2016"
 },
 {
   "film": "The Post",
   "revenue": "174,503,458.00",
   "budget": 50000000,
   "language": "en",
   "popularity": 15.679,
   "runtime": 116,
   "vote_average": 7,
   "vote_count": 3114,
   "id": 446354,
   "director": "Steven Spielberg",
   "tagline": "Truth be told",
   "genres": "[{'id': 18, 'name': 'Drama'}, {'id': 36, 'name': 'History'}]",
   "director_id": 488,
   "release_date": "22/12/2017",
   "Popular_set": "Not popular",
   "genre1": "Drama",
   "genre2": "History",
   "genre3": "",
   "genre4": "",
   "genre5": "",
   "genre6": "",
   "genre7": "",
   "revenue_cat": "Medium",
   "budget_cat": "Medium",
   "year_release": 2017,
   "date_formatted": "12/22/2017"
 },
 {
   "film": "Ready Player One",
   "revenue": "582,890,172.00",
   "budget": 175000000,
   "language": "en",
   "popularity": 35.492,
   "runtime": 140,
   "vote_average": 7.6,
   "vote_count": 9081,
   "id": 333339,
   "director": "Steven Spielberg",
   "tagline": "A better reality awaits.",
   "genres": "[{'id': 12, 'name': 'Adventure'}, {'id': 878, 'name': 'Science Fiction'}]",
   "director_id": 488,
   "release_date": "28/03/2018",
   "Popular_set": "Popular",
   "genre1": "Adventure",
   "genre2": "Science Fiction",
   "genre3": "",
   "genre4": "",
   "genre5": "",
   "genre6": "",
   "genre7": "",
   "revenue_cat": "High",
   "budget_cat": "Very high",
   "year_release": 2018,
   "date_formatted": "3/28/2018"
 },
 {
   "film": "Pee-wee's Big Adventure",
   "revenue": "40,940,662.00",
   "budget": 6000000,
   "language": "en",
   "popularity": 8.232,
   "runtime": 91,
   "vote_average": 6.5,
   "vote_count": 459,
   "id": 5683,
   "director": "Tim Burton",
   "tagline": "The story of a rebel and his bike.",
   "genres": "[{'id': 12, 'name': 'Adventure'}, {'id': 35, 'name': 'Comedy'}]",
   "director_id": 510,
   "release_date": "26/07/1985",
   "Popular_set": "Not popular",
   "genre1": "Adventure",
   "genre2": "Comedy",
   "genre3": "",
   "genre4": "",
   "genre5": "",
   "genre6": "",
   "genre7": "",
   "revenue_cat": "Low",
   "budget_cat": "Low",
   "year_release": 1985,
   "date_formatted": "7/26/1985"
 },
 {
   "film": "Beetlejuice",
   "revenue": "73,326,666.00",
   "budget": 15000000,
   "language": "en",
   "popularity": 23.179,
   "runtime": 92,
   "vote_average": 7.3,
   "vote_count": 3766,
   "id": 4011,
   "director": "Tim Burton",
   "tagline": "He's guaranteed to put some life in your afterlife.",
   "genres": "[{'id': 14, 'name': 'Fantasy'}, {'id': 35, 'name': 'Comedy'}]",
   "director_id": 510,
   "release_date": "29/02/1988",
   "Popular_set": "Popular",
   "genre1": "Comedy",
   "genre2": "Fantasy",
   "genre3": "",
   "genre4": "",
   "genre5": "",
   "genre6": "",
   "genre7": "",
   "revenue_cat": "Low",
   "budget_cat": "Low",
   "year_release": 1988,
   "date_formatted": "2/29/1988"
 },
 {
   "film": "Batman",
   "revenue": "411,348,924.00",
   "budget": 35000000,
   "language": "en",
   "popularity": 21.28,
   "runtime": 126,
   "vote_average": 7.2,
   "vote_count": 4685,
   "id": 268,
   "director": "Tim Burton",
   "tagline": "Have you ever danced with the devil in the pale moonlight?",
   "genres": "[{'id': 14, 'name': 'Fantasy'}, {'id': 28, 'name': 'Action'}]",
   "director_id": 510,
   "release_date": "23/06/1989",
   "Popular_set": "Popular",
   "genre1": "Action",
   "genre2": "Fantasy",
   "genre3": "",
   "genre4": "",
   "genre5": "",
   "genre6": "",
   "genre7": "",
   "revenue_cat": "High",
   "budget_cat": "Medium",
   "year_release": 1989,
   "date_formatted": "6/23/1989"
 },
 {
   "film": "Edward Scissorhands",
   "revenue": "53,000,000.00",
   "budget": 20000000,
   "language": "en",
   "popularity": 16.339,
   "runtime": 105,
   "vote_average": 7.7,
   "vote_count": 8749,
   "id": 162,
   "director": "Tim Burton",
   "tagline": "His scars run deep.",
   "genres": "[{'id': 14, 'name': 'Fantasy'}, {'id': 18, 'name': 'Drama'}, {'id': 10749, 'name': 'Romance'}]",
   "director_id": 510,
   "release_date": "05/12/1990",
   "Popular_set": "Popular",
   "genre1": "Drama",
   "genre2": "Fantasy",
   "genre3": "Romance",
   "genre4": "",
   "genre5": "",
   "genre6": "",
   "genre7": "",
   "revenue_cat": "Low",
   "budget_cat": "Medium",
   "year_release": 1990,
   "date_formatted": "12/5/1990"
 },
 {
   "film": "Batman Returns",
   "revenue": "280,000,000.00",
   "budget": 80000000,
   "language": "en",
   "popularity": 21.605,
   "runtime": 126,
   "vote_average": 6.8,
   "vote_count": 3900,
   "id": 364,
   "director": "Tim Burton",
   "tagline": "The Bat, the Cat, the Penguin.",
   "genres": "[{'id': 28, 'name': 'Action'}, {'id': 14, 'name': 'Fantasy'}]",
   "director_id": 510,
   "release_date": "19/06/1992",
   "Popular_set": "Popular",
   "genre1": "Action",
   "genre2": "Fantasy",
   "genre3": "",
   "genre4": "",
   "genre5": "",
   "genre6": "",
   "genre7": "",
   "revenue_cat": "Medium",
   "budget_cat": "High",
   "year_release": 1992,
   "date_formatted": "6/19/1992"
 },
 {
   "film": "Ed Wood",
   "revenue": "5,887,457.00",
   "budget": 18000000,
   "language": "en",
   "popularity": 11.399,
   "runtime": 127,
   "vote_average": 7.5,
   "vote_count": 1378,
   "id": 522,
   "director": "Tim Burton",
   "tagline": "When it came to making bad movies, Ed Wood was the best.",
   "genres": "[{'id': 35, 'name': 'Comedy'}, {'id': 18, 'name': 'Drama'}, {'id': 36, 'name': 'History'}]",
   "director_id": 510,
   "release_date": "27/09/1994",
   "Popular_set": "Not popular",
   "genre1": "Comedy",
   "genre2": "Drama",
   "genre3": "History",
   "genre4": "",
   "genre5": "",
   "genre6": "",
   "genre7": "",
   "revenue_cat": "Low",
   "budget_cat": "Low",
   "year_release": 1994,
   "date_formatted": "9/27/1994"
 },
 {
   "film": "Mars Attacks!",
   "revenue": "101,371,017.00",
   "budget": 70000000,
   "language": "en",
   "popularity": 14.466,
   "runtime": 106,
   "vote_average": 6.3,
   "vote_count": 3521,
   "id": 75,
   "director": "Tim Burton",
   "tagline": "Nice planet. We'll take it!",
   "genres": "[{'id': 35, 'name': 'Comedy'}, {'id': 14, 'name': 'Fantasy'}, {'id': 878, 'name': 'Science Fiction'}]",
   "director_id": 510,
   "release_date": "12/12/1996",
   "Popular_set": "Not popular",
   "genre1": "Comedy",
   "genre2": "Fantasy",
   "genre3": "Science Fiction",
   "genre4": "",
   "genre5": "",
   "genre6": "",
   "genre7": "",
   "revenue_cat": "Medium",
   "budget_cat": "Medium",
   "year_release": 1996,
   "date_formatted": "12/12/1996"
 },
 {
   "film": "Sleepy Hollow",
   "revenue": "206,071,502.00",
   "budget": 100000000,
   "language": "en",
   "popularity": 16.29,
   "runtime": 105,
   "vote_average": 7.1,
   "vote_count": 4155,
   "id": 2668,
   "director": "Tim Burton",
   "tagline": "Heads will roll",
   "genres": "[{'id': 18, 'name': 'Drama'}, {'id': 14, 'name': 'Fantasy'}, {'id': 53, 'name': 'Thriller'}, {'id': 9648, 'name': 'Mystery'}, {'id': 27, 'name': 'Horror'}]",
   "director_id": 510,
   "release_date": "18/11/1999",
   "Popular_set": "Popular",
   "genre1": "Drama",
   "genre2": "Fantasy",
   "genre3": "Horror",
   "genre4": "Mystery",
   "genre5": "Thriller",
   "genre6": "",
   "genre7": "",
   "revenue_cat": "Medium",
   "budget_cat": "High",
   "year_release": 1999,
   "date_formatted": "11/18/1999"
 },
 {
   "film": "Planet of the Apes",
   "revenue": "362,211,740.00",
   "budget": 100000000,
   "language": "en",
   "popularity": 17.414,
   "runtime": 119,
   "vote_average": 5.7,
   "vote_count": 2566,
   "id": 869,
   "director": "Tim Burton",
   "tagline": "You'll be sorry you were ever born human.",
   "genres": "[{'id': 53, 'name': 'Thriller'}, {'id': 878, 'name': 'Science Fiction'}, {'id': 28, 'name': 'Action'}, {'id': 12, 'name': 'Adventure'}]",
   "director_id": 510,
   "release_date": "25/07/2001",
   "Popular_set": "Not popular",
   "genre1": "Thriller",
   "genre2": "Science Fiction",
   "genre3": "Action",
   "genre4": "Adventure",
   "genre5": "",
   "genre6": "",
   "genre7": "",
   "revenue_cat": "Medium",
   "budget_cat": "High",
   "year_release": 2001,
   "date_formatted": "7/25/2001"
 },
 {
   "film": "Big Fish",
   "revenue": "122,919,055.00",
   "budget": 70000000,
   "language": "en",
   "popularity": 13.618,
   "runtime": 125,
   "vote_average": 7.8,
   "vote_count": 4651,
   "id": 587,
   "director": "Tim Burton",
   "tagline": "An adventure as big as life itself.",
   "genres": "[{'id': 12, 'name': 'Adventure'}, {'id': 14, 'name': 'Fantasy'}, {'id': 18, 'name': 'Drama'}]",
   "director_id": 510,
   "release_date": "25/12/2003",
   "Popular_set": "Not popular",
   "genre1": "Adventure",
   "genre2": "Fantasy",
   "genre3": "Drama",
   "genre4": "",
   "genre5": "",
   "genre6": "",
   "genre7": "",
   "revenue_cat": "Medium",
   "budget_cat": "Medium",
   "year_release": 2003,
   "date_formatted": "12/25/2003"
 },
 {
   "film": "Charlie and the Chocolate Factory",
   "revenue": "474,968,763.00",
   "budget": 150000000,
   "language": "en",
   "popularity": 20.576,
   "runtime": 115,
   "vote_average": 7,
   "vote_count": 9816,
   "id": 118,
   "director": "Tim Burton",
   "tagline": "Prepare for a taste of adventure.",
   "genres": "[{'id': 12, 'name': 'Adventure'}, {'id': 35, 'name': 'Comedy'}, {'id': 10751, 'name': 'Family'}, {'id': 14, 'name': 'Fantasy'}]",
   "director_id": 510,
   "release_date": "13/07/2005",
   "Popular_set": "Popular",
   "genre1": "Adventure",
   "genre2": "Comedy",
   "genre3": "Fantasy",
   "genre4": "Family",
   "genre5": "",
   "genre6": "",
   "genre7": "",
   "revenue_cat": "High",
   "budget_cat": "High",
   "year_release": 2005,
   "date_formatted": "7/13/2005"
 },
 {
   "film": "Corpse Bride",
   "revenue": "117,195,061.00",
   "budget": 40000000,
   "language": "en",
   "popularity": 18.856,
   "runtime": 77,
   "vote_average": 7.4,
   "vote_count": 5328,
   "id": 3933,
   "director": "Tim Burton",
   "tagline": "There's been a grave misunderstanding.",
   "genres": "[{'id': 10749, 'name': 'Romance'}, {'id': 14, 'name': 'Fantasy'}, {'id': 16, 'name': 'Animation'}]",
   "director_id": 510,
   "release_date": "12/09/2005",
   "Popular_set": "Popular",
   "genre1": "Romance",
   "genre2": "Fantasy",
   "genre3": "Animation",
   "genre4": "",
   "genre5": "",
   "genre6": "",
   "genre7": "",
   "revenue_cat": "Medium",
   "budget_cat": "Medium",
   "year_release": 2005,
   "date_formatted": "9/12/2005"
 },
 {
   "film": "Sweeney Todd: The Demon Barber of Fleet Street",
   "revenue": "152,000,000.00",
   "budget": 50000000,
   "language": "en",
   "popularity": 15.678,
   "runtime": 116,
   "vote_average": 7.1,
   "vote_count": 3826,
   "id": 13885,
   "director": "Tim Burton",
   "tagline": "Never Forget. Never Forgive.",
   "genres": "[{'id': 18, 'name': 'Drama'}, {'id': 27, 'name': 'Horror'}]",
   "director_id": 510,
   "release_date": "20/12/2007",
   "Popular_set": "Popular",
   "genre1": "Drama",
   "genre2": "Horror",
   "genre3": "Music",
   "genre4": "",
   "genre5": "",
   "genre6": "",
   "genre7": "",
   "revenue_cat": "Medium",
   "budget_cat": "Medium",
   "year_release": 2007,
   "date_formatted": "12/20/2007"
 },
 {
   "film": "Alice in Wonderland",
   "revenue": "1,025,467,110.00",
   "budget": 200000000,
   "language": "en",
   "popularity": 23.408,
   "runtime": 108,
   "vote_average": 6.6,
   "vote_count": 10119,
   "id": 12155,
   "director": "Tim Burton",
   "tagline": "You're invited to a very important date",
   "genres": "[{'id': 10751, 'name': 'Family'}, {'id': 14, 'name': 'Fantasy'}, {'id': 12, 'name': 'Adventure'}]",
   "director_id": 510,
   "release_date": "03/03/2010",
   "Popular_set": "Popular",
   "genre1": "Adventure",
   "genre2": "Fantasy",
   "genre3": "Family",
   "genre4": "",
   "genre5": "",
   "genre6": "",
   "genre7": "",
   "revenue_cat": "Very high",
   "budget_cat": "Very high",
   "year_release": 2010,
   "date_formatted": "3/3/2010"
 },
 {
   "film": "Dark Shadows",
   "revenue": "245,527,149.00",
   "budget": 150000000,
   "language": "en",
   "popularity": 16.12,
   "runtime": 113,
   "vote_average": 5.9,
   "vote_count": 4975,
   "id": 62213,
   "director": "Tim Burton",
   "tagline": "Every Family Has Its Demons",
   "genres": "[{'id': 35, 'name': 'Comedy'}, {'id': 14, 'name': 'Fantasy'}]",
   "director_id": 510,
   "release_date": "08/05/2012",
   "Popular_set": "Not popular",
   "genre1": "Comedy",
   "genre2": "Fantasy",
   "genre3": "",
   "genre4": "",
   "genre5": "",
   "genre6": "",
   "genre7": "",
   "revenue_cat": "Medium",
   "budget_cat": "High",
   "year_release": 2012,
   "date_formatted": "5/8/2012"
 },
 {
   "film": "Frankenweenie",
   "revenue": "35,287,788.00",
   "budget": 39000000,
   "language": "en",
   "popularity": 17.073,
   "runtime": 87,
   "vote_average": 6.8,
   "vote_count": 2024,
   "id": 62214,
   "director": "Tim Burton",
   "tagline": "The electrifying dog is back from beyond the grave",
   "genres": "[{'id': 16, 'name': 'Animation'}, {'id': 35, 'name': 'Comedy'}, {'id': 10751, 'name': 'Family'}]",
   "director_id": 510,
   "release_date": "04/10/2012",
   "Popular_set": "Not popular",
   "genre1": "Animation",
   "genre2": "Comedy",
   "genre3": "Family",
   "genre4": "",
   "genre5": "",
   "genre6": "",
   "genre7": "",
   "revenue_cat": "Low",
   "budget_cat": "Medium",
   "year_release": 2012,
   "date_formatted": "10/4/2012"
 },
 {
   "film": "Big Eyes",
   "revenue": "28,883,511.00",
   "budget": 10000000,
   "language": "en",
   "popularity": 12.283,
   "runtime": 105,
   "vote_average": 7,
   "vote_count": 2529,
   "id": 87093,
   "director": "Tim Burton",
   "tagline": "She created it. He sold it. And they bought it.",
   "genres": "[{'id': 18, 'name': 'Drama'}]",
   "director_id": 510,
   "release_date": "24/12/2014",
   "Popular_set": "Not popular",
   "genre1": "Drama",
   "genre2": "",
   "genre3": "",
   "genre4": "",
   "genre5": "",
   "genre6": "",
   "genre7": "",
   "revenue_cat": "Low",
   "budget_cat": "Low",
   "year_release": 2014,
   "date_formatted": "12/24/2014"
 },
 {
   "film": "Miss Peregrine's Home for Peculiar Children",
   "revenue": "296,482,446.00",
   "budget": 110000000,
   "language": "en",
   "popularity": 20.599,
   "runtime": 127,
   "vote_average": 6.7,
   "vote_count": 7076,
   "id": 283366,
   "director": "Tim Burton",
   "tagline": "Stay peculiar",
   "genres": "[{'id': 18, 'name': 'Drama'}, {'id': 14, 'name': 'Fantasy'}, {'id': 12, 'name': 'Adventure'}, {'id': 10751, 'name': 'Family'}]",
   "director_id": 510,
   "release_date": "28/09/2016",
   "Popular_set": "Not popular",
   "genre1": "Drama",
   "genre2": "Fantasy",
   "genre3": "Adventure",
   "genre4": "Family",
   "genre5": "",
   "genre6": "",
   "genre7": "",
   "revenue_cat": "Medium",
   "budget_cat": "High",
   "year_release": 2016,
   "date_formatted": "9/28/2016"
 },
 {
   "film": "Dumbo",
   "revenue": "215,832,199.00",
   "budget": 170000000,
   "language": "en",
   "popularity": 19.062,
   "runtime": 112,
   "vote_average": 6.6,
   "vote_count": 2779,
   "id": 329996,
   "director": "Tim Burton",
   "tagline": "Soar to new heights.",
   "genres": "[{'id': 12, 'name': 'Adventure'}, {'id': 10751, 'name': 'Family'}, {'id': 14, 'name': 'Fantasy'}]",
   "director_id": 510,
   "release_date": "27/03/2019",
   "Popular_set": "Not popular",
   "genre1": "Adventure",
   "genre2": "Family",
   "genre3": "Fantasy",
   "genre4": "",
   "genre5": "",
   "genre6": "",
   "genre7": "",
   "revenue_cat": "Medium",
   "budget_cat": "Very high",
   "year_release": 2019,
   "date_formatted": "3/27/2019"
 },
 {
   "film": "Memento",
   "revenue": "39,723,096.00",
   "budget": 9000000,
   "language": "en",
   "popularity": 26.626,
   "runtime": 113,
   "vote_average": 8.2,
   "vote_count": 9376,
   "id": 77,
   "director": "Christopher Nolan",
   "tagline": "Some memories are best forgotten.",
   "genres": "[{'id': 9648, 'name': 'Mystery'}, {'id': 53, 'name': 'Thriller'}]",
   "director_id": 525,
   "release_date": "11/10/2000",
   "Popular_set": "Popular",
   "genre1": "Mystery",
   "genre2": "Thriller",
   "genre3": "",
   "genre4": "",
   "genre5": "",
   "genre6": "",
   "genre7": "",
   "revenue_cat": "Low",
   "budget_cat": "Low",
   "year_release": 2000,
   "date_formatted": "10/11/2000"
 },
 {
   "film": "Insomnia",
   "revenue": "113,714,830.00",
   "budget": 46000000,
   "language": "en",
   "popularity": 14.652,
   "runtime": 118,
   "vote_average": 6.9,
   "vote_count": 2734,
   "id": 320,
   "director": "Christopher Nolan",
   "tagline": "A tough cop. A brilliant killer. An unspeakable crime.",
   "genres": "[{'id': 80, 'name': 'Crime'}, {'id': 9648, 'name': 'Mystery'}, {'id': 53, 'name': 'Thriller'}]",
   "director_id": 525,
   "release_date": "24/05/2002",
   "Popular_set": "Not popular",
   "genre1": "Crime",
   "genre2": "Mistery",
   "genre3": "Thriller",
   "genre4": "",
   "genre5": "",
   "genre6": "",
   "genre7": "",
   "revenue_cat": "Medium",
   "budget_cat": "Medium",
   "year_release": 2002,
   "date_formatted": "5/24/2002"
 },
 {
   "film": "Batman Begins",
   "revenue": "374,218,673.00",
   "budget": 150000000,
   "language": "en",
   "popularity": 36.887,
   "runtime": 140,
   "vote_average": 7.7,
   "vote_count": 14256,
   "id": 272,
   "director": "Christopher Nolan",
   "tagline": "Evil fears the knight.",
   "genres": "[{'id': 28, 'name': 'Action'}, {'id': 80, 'name': 'Crime'}, {'id': 18, 'name': 'Drama'}]",
   "director_id": 525,
   "release_date": "10/06/2005",
   "Popular_set": "Popular",
   "genre1": "Action",
   "genre2": "Crime",
   "genre3": "Drama",
   "genre4": "",
   "genre5": "",
   "genre6": "",
   "genre7": "",
   "revenue_cat": "Medium",
   "budget_cat": "High",
   "year_release": 2005,
   "date_formatted": "6/10/2005"
 },
 {
   "film": "The Prestige",
   "revenue": "109,676,311.00",
   "budget": 40000000,
   "language": "en",
   "popularity": 26.035,
   "runtime": 130,
   "vote_average": 8.2,
   "vote_count": 9960,
   "id": 1124,
   "director": "Christopher Nolan",
   "tagline": "Are You Watching Closely?",
   "genres": "[{'id': 18, 'name': 'Drama'}, {'id': 9648, 'name': 'Mystery'}, {'id': 53, 'name': 'Thriller'}]",
   "director_id": 525,
   "release_date": "19/10/2006",
   "Popular_set": "Popular",
   "genre1": "Drama",
   "genre2": "Mystery",
   "genre3": "Thriller",
   "genre4": "",
   "genre5": "",
   "genre6": "",
   "genre7": "",
   "revenue_cat": "Medium",
   "budget_cat": "Medium",
   "year_release": 2006,
   "date_formatted": "10/19/2006"
 },
 {
   "film": "The Dark Knight",
   "revenue": "1,004,558,444.00",
   "budget": 185000000,
   "language": "en",
   "popularity": 49.906,
   "runtime": 152,
   "vote_average": 8.4,
   "vote_count": 22114,
   "id": 155,
   "director": "Christopher Nolan",
   "tagline": "Why So Serious?",
   "genres": "[{'id': 18, 'name': 'Drama'}, {'id': 28, 'name': 'Action'}, {'id': 80, 'name': 'Crime'}, {'id': 53, 'name': 'Thriller'}]",
   "director_id": 525,
   "release_date": "16/07/2008",
   "Popular_set": "Popular",
   "genre1": "Action",
   "genre2": "Crime",
   "genre3": "Drama",
   "genre4": "Thriller",
   "genre5": "",
   "genre6": "",
   "genre7": "",
   "revenue_cat": "Very high",
   "budget_cat": "Very high",
   "year_release": 2008,
   "date_formatted": "7/16/2008"
 },
 {
   "film": "Inception",
   "revenue": "825,532,764.00",
   "budget": 160000000,
   "language": "en",
   "popularity": 60.984,
   "runtime": 148,
   "vote_average": 8.3,
   "vote_count": 25701,
   "id": 27205,
   "director": "Christopher Nolan",
   "tagline": "Your mind is the scene of the crime.",
   "genres": "[{'id': 28, 'name': 'Action'}, {'id': 878, 'name': 'Science Fiction'}, {'id': 12, 'name': 'Adventure'}]",
   "director_id": 525,
   "release_date": "15/07/2010",
   "Popular_set": "Popular",
   "genre1": "Action",
   "genre2": "Adventure",
   "genre3": "Science Fiction",
   "genre4": "",
   "genre5": "",
   "genre6": "",
   "genre7": "",
   "revenue_cat": "Very high",
   "budget_cat": "Very high",
   "year_release": 2010,
   "date_formatted": "7/15/2010"
 },
 {
   "film": "The Dark Knight Rises",
   "revenue": "1,081,041,287.00",
   "budget": 250000000,
   "language": "en",
   "popularity": 31.1,
   "runtime": 165,
   "vote_average": 7.7,
   "vote_count": 15938,
   "id": 49026,
   "director": "Christopher Nolan",
   "tagline": "The Legend Ends",
   "genres": "[{'id': 28, 'name': 'Action'}, {'id': 80, 'name': 'Crime'}, {'id': 18, 'name': 'Drama'}, {'id': 53, 'name': 'Thriller'}]",
   "director_id": 525,
   "release_date": "16/07/2012",
   "Popular_set": "Popular",
   "genre1": "Action",
   "genre2": "Crime",
   "genre3": "Drama",
   "genre4": "Thriller",
   "genre5": "",
   "genre6": "",
   "genre7": "",
   "revenue_cat": "Very high",
   "budget_cat": "Very high",
   "year_release": 2012,
   "date_formatted": "7/16/2012"
 },
 {
   "film": "Interstellar",
   "revenue": "675,120,017.00",
   "budget": 165000000,
   "language": "en",
   "popularity": 63.852,
   "runtime": 169,
   "vote_average": 8.3,
   "vote_count": 22299,
   "id": 157336,
   "director": "Christopher Nolan",
   "tagline": "Mankind was born on Earth. It was never meant to die here.",
   "genres": "[{'id': 12, 'name': 'Adventure'}, {'id': 18, 'name': 'Drama'}, {'id': 878, 'name': 'Science Fiction'}]",
   "director_id": 525,
   "release_date": "05/11/2014",
   "Popular_set": "Popular",
   "genre1": "Adventure",
   "genre2": "Drama",
   "genre3": "Science Fiction",
   "genre4": "",
   "genre5": "",
   "genre6": "",
   "genre7": "",
   "revenue_cat": "High",
   "budget_cat": "Very high",
   "year_release": 2014,
   "date_formatted": "11/5/2014"
 },
 {
   "film": "Dunkirk",
   "revenue": "525,573,161.00",
   "budget": 100000000,
   "language": "en",
   "popularity": 26.402,
   "runtime": 107,
   "vote_average": 7.4,
   "vote_count": 10884,
   "id": 374720,
   "director": "Christopher Nolan",
   "tagline": "Survival is Victory",
   "genres": "[{'id': 10752, 'name': 'War'}, {'id': 28, 'name': 'Action'}, {'id': 18, 'name': 'Drama'}]",
   "director_id": 525,
   "release_date": "19/07/2017",
   "Popular_set": "Popular",
   "genre1": "Action",
   "genre2": "Drama",
   "genre3": "War",
   "genre4": "",
   "genre5": "",
   "genre6": "",
   "genre7": "",
   "revenue_cat": "High",
   "budget_cat": "High",
   "year_release": 2017,
   "date_formatted": "7/19/2017"
 },
 {
   "film": "The Duellists",
   "revenue": "0",
   "budget": 900000,
   "language": "en",
   "popularity": 9.037,
   "runtime": 100,
   "vote_average": 7.4,
   "vote_count": 244,
   "id": 19067,
   "director": "Ridley Scott",
   "tagline": "Fencing is a science. Loving is a passion. Duelling is an obsession.",
   "genres": "[{'id': 18, 'name': 'Drama'}, {'id': 10752, 'name': 'War'}]",
   "director_id": 578,
   "release_date": "31/08/1977",
   "Popular_set": "Popular",
   "genre1": "Drama",
   "genre2": "War",
   "genre3": "",
   "genre4": "",
   "genre5": "",
   "genre6": "",
   "genre7": "",
   "revenue_cat": "Not reported",
   "budget_cat": "Low",
   "year_release": 1977,
   "date_formatted": "8/31/1977"
 },
 {
   "film": "Alien",
   "revenue": "104,931,801.00",
   "budget": 11000000,
   "language": "en",
   "popularity": 32.866,
   "runtime": 117,
   "vote_average": 8.1,
   "vote_count": 8990,
   "id": 348,
   "director": "Ridley Scott",
   "tagline": "In space no one can hear you scream.",
   "genres": "[{'id': 27, 'name': 'Horror'}, {'id': 878, 'name': 'Science Fiction'}]",
   "director_id": 578,
   "release_date": "25/05/1979",
   "Popular_set": "Popular",
   "genre1": "Horror",
   "genre2": "Science Fiction",
   "genre3": "",
   "genre4": "",
   "genre5": "",
   "genre6": "",
   "genre7": "",
   "revenue_cat": "Medium",
   "budget_cat": "Low",
   "year_release": 1979,
   "date_formatted": "5/25/1979"
 },
 {
   "film": "Blade Runner",
   "revenue": "41,473,619.00",
   "budget": 28000000,
   "language": "en",
   "popularity": 26.199,
   "runtime": 118,
   "vote_average": 7.9,
   "vote_count": 9022,
   "id": 78,
   "director": "Ridley Scott",
   "tagline": "Man has made his match... now it's his problem.",
   "genres": "[{'id': 878, 'name': 'Science Fiction'}, {'id': 18, 'name': 'Drama'}, {'id': 53, 'name': 'Thriller'}]",
   "director_id": 578,
   "release_date": "25/06/1982",
   "Popular_set": "Popular",
   "genre1": "Drama",
   "genre2": "Science Fiction",
   "genre3": "Thriller",
   "genre4": "",
   "genre5": "",
   "genre6": "",
   "genre7": "",
   "revenue_cat": "Low",
   "budget_cat": "Medium",
   "year_release": 1982,
   "date_formatted": "6/25/1982"
 },
 {
   "film": "Legend",
   "revenue": "15,502,112.00",
   "budget": 24500000,
   "language": "en",
   "popularity": 13.523,
   "runtime": 94,
   "vote_average": 6.2,
   "vote_count": 630,
   "id": 11976,
   "director": "Ridley Scott",
   "tagline": "There may never be another dawn.",
   "genres": "[{'id': 12, 'name': 'Adventure'}, {'id': 14, 'name': 'Fantasy'}]",
   "director_id": 578,
   "release_date": "19/07/1985",
   "Popular_set": "Popular",
   "genre1": "Adventure",
   "genre2": "Fantasy",
   "genre3": "",
   "genre4": "",
   "genre5": "",
   "genre6": "",
   "genre7": "",
   "revenue_cat": "Low",
   "budget_cat": "Medium",
   "year_release": 1985,
   "date_formatted": "7/19/1985"
 },
 {
   "film": "Someone to Watch Over Me",
   "revenue": "10,278,549.00",
   "budget": 17000000,
   "language": "en",
   "popularity": 7.803,
   "runtime": 106,
   "vote_average": 6.1,
   "vote_count": 86,
   "id": 31650,
   "director": "Ridley Scott",
   "tagline": "Where protection ends, obsession begins.",
   "genres": "[{'id': 80, 'name': 'Crime'}, {'id': 18, 'name': 'Drama'}, {'id': 10749, 'name': 'Romance'}, {'id': 53, 'name': 'Thriller'}]",
   "director_id": 578,
   "release_date": "09/10/1987",
   "Popular_set": "Not popular",
   "genre1": "Crime",
   "genre2": "Drama",
   "genre3": "Romance",
   "genre4": "Thriller",
   "genre5": "",
   "genre6": "",
   "genre7": "",
   "revenue_cat": "Low",
   "budget_cat": "Low",
   "year_release": 1987,
   "date_formatted": "10/9/1987"
 },
 {
   "film": "Black Rain",
   "revenue": "45,892,212.00",
   "budget": 30000000,
   "language": "en",
   "popularity": 11.917,
   "runtime": 125,
   "vote_average": 6.5,
   "vote_count": 554,
   "id": 4105,
   "director": "Ridley Scott",
   "tagline": "Their country. Their laws. Their game. His rules.",
   "genres": "[{'id': 28, 'name': 'Action'}, {'id': 53, 'name': 'Thriller'}, {'id': 80, 'name': 'Crime'}]",
   "director_id": 578,
   "release_date": "22/09/1989",
   "Popular_set": "Popular",
   "genre1": "Action",
   "genre2": "Thriller",
   "genre3": "Crime",
   "genre4": "",
   "genre5": "",
   "genre6": "",
   "genre7": "",
   "revenue_cat": "Low",
   "budget_cat": "Medium",
   "year_release": 1989,
   "date_formatted": "9/22/1989"
 },
 {
   "film": "Thelma & Louise",
   "revenue": "45,361,000.00",
   "budget": 16000000,
   "language": "en",
   "popularity": 16,
   "runtime": 130,
   "vote_average": 7.5,
   "vote_count": 1839,
   "id": 1541,
   "director": "Ridley Scott",
   "tagline": "Somebody said get a lifeâ€¦ so they did.",
   "genres": "[{'id': 18, 'name': 'Drama'}, {'id': 53, 'name': 'Thriller'}, {'id': 80, 'name': 'Crime'}, {'id': 12, 'name': 'Adventure'}]",
   "director_id": 578,
   "release_date": "24/05/1991",
   "Popular_set": "Popular",
   "genre1": "Adventure",
   "genre2": "Crime",
   "genre3": "Drama",
   "genre4": "Thriller",
   "genre5": "",
   "genre6": "",
   "genre7": "",
   "revenue_cat": "Low",
   "budget_cat": "Low",
   "year_release": 1991,
   "date_formatted": "5/24/1991"
 },
 {
   "film": "1492: Conquest of Paradise",
   "revenue": "7,191,399.00",
   "budget": 47000000,
   "language": "en",
   "popularity": 9.418,
   "runtime": 154,
   "vote_average": 6.2,
   "vote_count": 437,
   "id": 1492,
   "director": "Ridley Scott",
   "tagline": "Centuries before the exploration of space, there was another voyage into the unknown.",
   "genres": "[{'id': 28, 'name': 'Action'}, {'id': 12, 'name': 'Adventure'}, {'id': 18, 'name': 'Drama'}, {'id': 36, 'name': 'History'}]",
   "director_id": 578,
   "release_date": "09/10/1992",
   "Popular_set": "Not popular",
   "genre1": "Action",
   "genre2": "Adventure",
   "genre3": "Drama",
   "genre4": "History",
   "genre5": "",
   "genre6": "",
   "genre7": "",
   "revenue_cat": "Low",
   "budget_cat": "Medium",
   "year_release": 1992,
   "date_formatted": "10/9/1992"
 },
 {
   "film": "White Squall",
   "revenue": "10,300,000.00",
   "budget": 38000000,
   "language": "en",
   "popularity": 9.089,
   "runtime": 129,
   "vote_average": 6.3,
   "vote_count": 176,
   "id": 10534,
   "director": "Ridley Scott",
   "tagline": "The strongest will in nature is the will to survive.",
   "genres": "[{'id': 28, 'name': 'Action'}, {'id': 18, 'name': 'Drama'}, {'id': 12, 'name': 'Adventure'}]",
   "director_id": 578,
   "release_date": "02/02/1996",
   "Popular_set": "Not popular",
   "genre1": "Action",
   "genre2": "Drama",
   "genre3": "Adventure",
   "genre4": "",
   "genre5": "",
   "genre6": "",
   "genre7": "",
   "revenue_cat": "Low",
   "budget_cat": "Medium",
   "year_release": 1996,
   "date_formatted": "2/2/1996"
 },
 {
   "film": "G.I. Jane",
   "revenue": "48,169,156.00",
   "budget": 50000000,
   "language": "en",
   "popularity": 13.832,
   "runtime": 125,
   "vote_average": 6.3,
   "vote_count": 944,
   "id": 4421,
   "director": "Ridley Scott",
   "tagline": "Failure is not an option.",
   "genres": "[{'id': 28, 'name': 'Action'}, {'id': 18, 'name': 'Drama'}]",
   "director_id": 578,
   "release_date": "19/08/1997",
   "Popular_set": "Popular",
   "genre1": "Action",
   "genre2": "Drama",
   "genre3": "",
   "genre4": "",
   "genre5": "",
   "genre6": "",
   "genre7": "",
   "revenue_cat": "Low",
   "budget_cat": "Medium",
   "year_release": 1997,
   "date_formatted": "8/19/1997"
 },
 {
   "film": "Gladiator",
   "revenue": "457,640,427.00",
   "budget": 103000000,
   "language": "en",
   "popularity": 35.027,
   "runtime": 171,
   "vote_average": 8.2,
   "vote_count": 11671,
   "id": 98,
   "director": "Ridley Scott",
   "tagline": "A Hero Will Rise.",
   "genres": "[{'id': 28, 'name': 'Action'}, {'id': 18, 'name': 'Drama'}, {'id': 12, 'name': 'Adventure'}]",
   "director_id": 578,
   "release_date": "01/05/2000",
   "Popular_set": "Popular",
   "genre1": "Action",
   "genre2": "Adventure",
   "genre3": "Drama",
   "genre4": "",
   "genre5": "",
   "genre6": "",
   "genre7": "",
   "revenue_cat": "High",
   "budget_cat": "High",
   "year_release": 2000,
   "date_formatted": "5/1/2000"
 },
 {
   "film": "Hannibal",
   "revenue": "351,692,268.00",
   "budget": 87000000,
   "language": "en",
   "popularity": 2.994,
   "runtime": 131,
   "vote_average": 6.6,
   "vote_count": 2780,
   "id": 9740,
   "director": "Ridley Scott",
   "tagline": "His genius undeniable. His evil, unspeakable.",
   "genres": "[{'id': 80, 'name': 'Crime'}, {'id': 18, 'name': 'Drama'}, {'id': 53, 'name': 'Thriller'}, {'id': 27, 'name': 'Horror'}]",
   "director_id": 578,
   "release_date": "08/02/2001",
   "Popular_set": "Not popular",
   "genre1": "Crime",
   "genre2": "Drama",
   "genre3": "Thriller",
   "genre4": "Horror",
   "genre5": "",
   "genre6": "",
   "genre7": "",
   "revenue_cat": "Medium",
   "budget_cat": "High",
   "year_release": 2001,
   "date_formatted": "2/8/2001"
 },
 {
   "film": "Black Hawk Down",
   "revenue": "172,989,651.00",
   "budget": 92000000,
   "language": "en",
   "popularity": 16.932,
   "runtime": 145,
   "vote_average": 7.3,
   "vote_count": 3453,
   "id": 855,
   "director": "Ridley Scott",
   "tagline": "Leave No Man Behind.",
   "genres": "[{'id': 28, 'name': 'Action'}, {'id': 36, 'name': 'History'}, {'id': 10752, 'name': 'War'}]",
   "director_id": 578,
   "release_date": "28/12/2001",
   "Popular_set": "Popular",
   "genre1": "Action",
   "genre2": "History",
   "genre3": "War",
   "genre4": "",
   "genre5": "",
   "genre6": "",
   "genre7": "",
   "revenue_cat": "Medium",
   "budget_cat": "High",
   "year_release": 2001,
   "date_formatted": "12/28/2001"
 },
 {
   "film": "Matchstick Men",
   "revenue": "65,565,672.00",
   "budget": 62000000,
   "language": "en",
   "popularity": 7.092,
   "runtime": 116,
   "vote_average": 7,
   "vote_count": 1018,
   "id": 7270,
   "director": "Ridley Scott",
   "tagline": "Lie. Cheat. Steal. Rinse. Repeat.",
   "genres": "[{'id': 35, 'name': 'Comedy'}, {'id': 18, 'name': 'Drama'}, {'id': 80, 'name': 'Crime'}, {'id': 53, 'name': 'Thriller'}]",
   "director_id": 578,
   "release_date": "01/09/2003",
   "Popular_set": "Not popular",
   "genre1": "Comedy",
   "genre2": "Drama",
   "genre3": "Crime",
   "genre4": "Thriller",
   "genre5": "",
   "genre6": "",
   "genre7": "",
   "revenue_cat": "Low",
   "budget_cat": "Medium",
   "year_release": 2003,
   "date_formatted": "9/1/2003"
 },
 {
   "film": "Kingdom of Heaven",
   "revenue": "211,643,158.00",
   "budget": 130000000,
   "language": "en",
   "popularity": 25.748,
   "runtime": 144,
   "vote_average": 6.7,
   "vote_count": 2502,
   "id": 1495,
   "director": "Ridley Scott",
   "tagline": "Be without fear in the face of your enemies. Safeguard the helpless, and do no wrong",
   "genres": "[{'id': 18, 'name': 'Drama'}, {'id': 28, 'name': 'Action'}, {'id': 12, 'name': 'Adventure'}, {'id': 36, 'name': 'History'}, {'id': 10752, 'name': 'War'}]",
   "director_id": 578,
   "release_date": "03/05/2005",
   "Popular_set": "Popular",
   "genre1": "Drama",
   "genre2": "Action",
   "genre3": "Adventure",
   "genre4": "History",
   "genre5": "War",
   "genre6": "",
   "genre7": "",
   "revenue_cat": "Medium",
   "budget_cat": "High",
   "year_release": 2005,
   "date_formatted": "5/3/2005"
 },
 {
   "film": "A Good Year",
   "revenue": "42,064,105.00",
   "budget": 35000000,
   "language": "en",
   "popularity": 12.664,
   "runtime": 118,
   "vote_average": 6.6,
   "vote_count": 890,
   "id": 9726,
   "director": "Ridley Scott",
   "tagline": "Everything matures... eventually.",
   "genres": "[{'id': 35, 'name': 'Comedy'}, {'id': 18, 'name': 'Drama'}, {'id': 10749, 'name': 'Romance'}]",
   "director_id": 578,
   "release_date": "09/09/2006",
   "Popular_set": "Not popular",
   "genre1": "Comedy",
   "genre2": "Drama",
   "genre3": "Romance",
   "genre4": "",
   "genre5": "",
   "genre6": "",
   "genre7": "",
   "revenue_cat": "Low",
   "budget_cat": "Medium",
   "year_release": 2006,
   "date_formatted": "9/9/2006"
 },
 {
   "film": "American Gangster",
   "revenue": "266,465,037.00",
   "budget": 100000000,
   "language": "en",
   "popularity": 18.724,
   "runtime": 157,
   "vote_average": 7.6,
   "vote_count": 3239,
   "id": 4982,
   "director": "Ridley Scott",
   "tagline": "There are two sides to the American dream",
   "genres": "[{'id': 18, 'name': 'Drama'}, {'id': 80, 'name': 'Crime'}]",
   "director_id": 578,
   "release_date": "02/11/2007",
   "Popular_set": "Popular",
   "genre1": "Crime",
   "genre2": "Drama",
   "genre3": "",
   "genre4": "",
   "genre5": "",
   "genre6": "",
   "genre7": "",
   "revenue_cat": "Medium",
   "budget_cat": "High",
   "year_release": 2007,
   "date_formatted": "11/2/2007"
 },
 {
   "film": "Body of Lies",
   "revenue": "113,280,098.00",
   "budget": 70000000,
   "language": "en",
   "popularity": 12.828,
   "runtime": 128,
   "vote_average": 6.6,
   "vote_count": 1824,
   "id": 12113,
   "director": "Ridley Scott",
   "tagline": "Trust no one. Deceive everyone.",
   "genres": "[{'id': 28, 'name': 'Action'}, {'id': 18, 'name': 'Drama'}, {'id': 53, 'name': 'Thriller'}]",
   "director_id": 578,
   "release_date": "10/10/2008",
   "Popular_set": "Not popular",
   "genre1": "Action",
   "genre2": "Drama",
   "genre3": "Thriller",
   "genre4": "",
   "genre5": "",
   "genre6": "",
   "genre7": "",
   "revenue_cat": "Medium",
   "budget_cat": "Medium",
   "year_release": 2008,
   "date_formatted": "10/10/2008"
 },
 {
   "film": "Robin Hood",
   "revenue": "310,669,540.00",
   "budget": 200000000,
   "language": "en",
   "popularity": 21.345,
   "runtime": 140,
   "vote_average": 6.3,
   "vote_count": 3020,
   "id": 20662,
   "director": "Ridley Scott",
   "tagline": "Rise and rise again, until lambs become lions.",
   "genres": "[{'id': 28, 'name': 'Action'}, {'id': 12, 'name': 'Adventure'}, {'id': 18, 'name': 'Drama'}]",
   "director_id": 578,
   "release_date": "12/05/2010",
   "Popular_set": "Popular",
   "genre1": "Action",
   "genre2": "Adventure",
   "genre3": "Drama",
   "genre4": "",
   "genre5": "",
   "genre6": "",
   "genre7": "",
   "revenue_cat": "Medium",
   "budget_cat": "Very high",
   "year_release": 2010,
   "date_formatted": "5/12/2010"
 },
 {
   "film": "Prometheus",
   "revenue": "403,170,142.00",
   "budget": 130000000,
   "language": "en",
   "popularity": 23.623,
   "runtime": 124,
   "vote_average": 6.4,
   "vote_count": 8344,
   "id": 70981,
   "director": "Ridley Scott",
   "tagline": "The Search for Our Beginning Could Lead to Our End.",
   "genres": "[{'id': 878, 'name': 'Science Fiction'}, {'id': 12, 'name': 'Adventure'}, {'id': 9648, 'name': 'Mystery'}]",
   "director_id": 578,
   "release_date": "30/05/2012",
   "Popular_set": "Popular",
   "genre1": "Adventure",
   "genre2": "Mystery",
   "genre3": "Science Fiction",
   "genre4": "",
   "genre5": "",
   "genre6": "",
   "genre7": "",
   "revenue_cat": "High",
   "budget_cat": "High",
   "year_release": 2012,
   "date_formatted": "5/30/2012"
 },
 {
   "film": "The Counselor",
   "revenue": "71,009,334.00",
   "budget": 25000000,
   "language": "en",
   "popularity": 12.786,
   "runtime": 117,
   "vote_average": 5.1,
   "vote_count": 1222,
   "id": 109091,
   "director": "Ridley Scott",
   "tagline": "Sin Is A Choice.",
   "genres": "[{'id': 53, 'name': 'Thriller'}, {'id': 80, 'name': 'Crime'}, {'id': 18, 'name': 'Drama'}]",
   "director_id": 578,
   "release_date": "25/10/2013",
   "Popular_set": "Not popular",
   "genre1": "Thriller",
   "genre2": "Crime",
   "genre3": "Drama",
   "genre4": "",
   "genre5": "",
   "genre6": "",
   "genre7": "",
   "revenue_cat": "Low",
   "budget_cat": "Medium",
   "year_release": 2013,
   "date_formatted": "10/25/2013"
 },
 {
   "film": "Exodus: Gods and Kings",
   "revenue": "268,031,828.00",
   "budget": 140000000,
   "language": "en",
   "popularity": 28.003,
   "runtime": 150,
   "vote_average": 5.8,
   "vote_count": 3310,
   "id": 147441,
   "director": "Ridley Scott",
   "tagline": "Once brothers, now enemies.",
   "genres": "[{'id': 12, 'name': 'Adventure'}, {'id': 18, 'name': 'Drama'}, {'id': 28, 'name': 'Action'}]",
   "director_id": 578,
   "release_date": "03/12/2014",
   "Popular_set": "Popular",
   "genre1": "Action",
   "genre2": "Adventure",
   "genre3": "Drama",
   "genre4": "",
   "genre5": "",
   "genre6": "",
   "genre7": "",
   "revenue_cat": "Medium",
   "budget_cat": "High",
   "year_release": 2014,
   "date_formatted": "12/3/2014"
 },
 {
   "film": "The Martian",
   "revenue": "630,161,890.00",
   "budget": 108000000,
   "language": "en",
   "popularity": 37.881,
   "runtime": 141,
   "vote_average": 7.7,
   "vote_count": 13988,
   "id": 286217,
   "director": "Ridley Scott",
   "tagline": "Bring Him Home",
   "genres": "[{'id': 18, 'name': 'Drama'}, {'id': 12, 'name': 'Adventure'}, {'id': 878, 'name': 'Science Fiction'}]",
   "director_id": 578,
   "release_date": "30/09/2015",
   "Popular_set": "Popular",
   "genre1": "Adventure",
   "genre2": "Drama",
   "genre3": "Science Fiction",
   "genre4": "",
   "genre5": "",
   "genre6": "",
   "genre7": "",
   "revenue_cat": "High",
   "budget_cat": "High",
   "year_release": 2015,
   "date_formatted": "9/30/2015"
 },
 {
   "film": "Alien: Covenant",
   "revenue": "232,380,243.00",
   "budget": 97000000,
   "language": "en",
   "popularity": 27.945,
   "runtime": 122,
   "vote_average": 5.9,
   "vote_count": 5688,
   "id": 126889,
   "director": "Ridley Scott",
   "tagline": "The path to paradise begins in hell",
   "genres": "[{'id': 27, 'name': 'Horror'}, {'id': 878, 'name': 'Science Fiction'}, {'id': 53, 'name': 'Thriller'}]",
   "director_id": 578,
   "release_date": "09/05/2017",
   "Popular_set": "Popular",
   "genre1": "Horror",
   "genre2": "Science Fiction",
   "genre3": "Thriller",
   "genre4": "",
   "genre5": "",
   "genre6": "",
   "genre7": "",
   "revenue_cat": "Medium",
   "budget_cat": "High",
   "year_release": 2017,
   "date_formatted": "5/9/2017"
 },
 {
   "film": "All the Money in the World",
   "revenue": "56,996,304.00",
   "budget": 50000000,
   "language": "en",
   "popularity": 16.427,
   "runtime": 132,
   "vote_average": 6.4,
   "vote_count": 1443,
   "id": 446791,
   "director": "Ridley Scott",
   "tagline": "J. Paul Getty had a fortune. Everyone else paid the price.",
   "genres": "[{'id': 53, 'name': 'Thriller'}, {'id': 18, 'name': 'Drama'}, {'id': 80, 'name': 'Crime'}, {'id': 9648, 'name': 'Mystery'}]",
   "director_id": 578,
   "release_date": "21/12/2017",
   "Popular_set": "Not popular",
   "genre1": "Thriller",
   "genre2": "Drama",
   "genre3": "Crime",
   "genre4": "Mistery",
   "genre5": "",
   "genre6": "",
   "genre7": "",
   "revenue_cat": "Low",
   "budget_cat": "Medium",
   "year_release": 2017,
   "date_formatted": "12/21/2017"
 },
 {
   "film": "Lupin the Third: The Castle of Cagliostro",
   "revenue": "0",
   "budget": 0,
   "language": "ja",
   "popularity": 11.237,
   "runtime": 96,
   "vote_average": 7.5,
   "vote_count": 520,
   "id": 15371,
   "director": "Hayao Miyazaki",
   "tagline": "",
   "genres": "[{'id': 12, 'name': 'Adventure'}, {'id': 16, 'name': 'Animation'}, {'id': 35, 'name': 'Comedy'}, {'id': 80, 'name': 'Crime'}]",
   "director_id": 608,
   "release_date": "15/12/1979",
   "Popular_set": "Popular",
   "genre1": "Adventure",
   "genre2": "Animation",
   "genre3": "Comedy",
   "genre4": "Crime",
   "genre5": "",
   "genre6": "",
   "genre7": "",
   "revenue_cat": "Not reported",
   "budget_cat": "Not reported",
   "year_release": 1979,
   "date_formatted": "12/15/1979"
 },
 {
   "film": "Nausica of the Valley of the Wind",
   "revenue": "3,301,446.00",
   "budget": 1000000,
   "language": "ja",
   "popularity": 23.741,
   "runtime": 117,
   "vote_average": 7.9,
   "vote_count": 1875,
   "id": 81,
   "director": "Hayao Miyazaki",
   "tagline": "A young girl's love called forth miraclesâ€¦",
   "genres": "[{'id': 12, 'name': 'Adventure'}, {'id': 16, 'name': 'Animation'}, {'id': 14, 'name': 'Fantasy'}]",
   "director_id": 608,
   "release_date": "11/03/1984",
   "Popular_set": "Popular",
   "genre1": "Adventure",
   "genre2": "Animation",
   "genre3": "Fantasy",
   "genre4": "",
   "genre5": "",
   "genre6": "",
   "genre7": "",
   "revenue_cat": "Low",
   "budget_cat": "Low",
   "year_release": 1984,
   "date_formatted": "3/11/1984"
 },
 {
   "film": "Castle in the Sky",
   "revenue": "0",
   "budget": 0,
   "language": "ja",
   "popularity": 19.078,
   "runtime": 124,
   "vote_average": 8,
   "vote_count": 2253,
   "id": 10515,
   "director": "Hayao Miyazaki",
   "tagline": "Haunting and brilliant!",
   "genres": "[{'id': 12, 'name': 'Adventure'}, {'id': 14, 'name': 'Fantasy'}, {'id': 16, 'name': 'Animation'}, {'id': 28, 'name': 'Action'}, {'id': 10751, 'name': 'Family'}, {'id': 10749, 'name': 'Romance'}]",
   "director_id": 608,
   "release_date": "02/08/1986",
   "Popular_set": "Popular",
   "genre1": "Adventure",
   "genre2": "Fantasy",
   "genre3": "Animation",
   "genre4": "Action",
   "genre5": "Family",
   "genre6": "Romance",
   "genre7": "",
   "revenue_cat": "Not reported",
   "budget_cat": "Not reported",
   "year_release": 1986,
   "date_formatted": "8/2/1986"
 },
 {
   "film": "My Neighbor Totoro",
   "revenue": "45,000,000.00",
   "budget": 3700000,
   "language": "ja",
   "popularity": 34.196,
   "runtime": 86,
   "vote_average": 8.1,
   "vote_count": 4421,
   "id": 8392,
   "director": "Hayao Miyazaki",
   "tagline": "",
   "genres": "[{'id': 14, 'name': 'Fantasy'}, {'id': 16, 'name': 'Animation'}, {'id': 10751, 'name': 'Family'}]",
   "director_id": 608,
   "release_date": "16/04/1988",
   "Popular_set": "Popular",
   "genre1": "Animation",
   "genre2": "Fantasy",
   "genre3": "Family",
   "genre4": "",
   "genre5": "",
   "genre6": "",
   "genre7": "",
   "revenue_cat": "Low",
   "budget_cat": "Low",
   "year_release": 1988,
   "date_formatted": "4/16/1988"
 },
 {
   "film": "Kiki's Delivery Service",
   "revenue": "18,172,849.00",
   "budget": 6900000,
   "language": "ja",
   "popularity": 21.517,
   "runtime": 103,
   "vote_average": 7.8,
   "vote_count": 2052,
   "id": 16859,
   "director": "Hayao Miyazaki",
   "tagline": "I was feeling blue, but I'm better now.",
   "genres": "[{'id': 16, 'name': 'Animation'}, {'id': 12, 'name': 'Adventure'}, {'id': 18, 'name': 'Drama'}, {'id': 14, 'name': 'Fantasy'}, {'id': 10751, 'name': 'Family'}, {'id': 35, 'name': 'Comedy'}]",
   "director_id": 608,
   "release_date": "29/07/1989",
   "Popular_set": "Popular",
   "genre1": "Adventure",
   "genre2": "Animation",
   "genre3": "Drama",
   "genre4": "Fantasy",
   "genre5": "Family",
   "genre6": "",
   "genre7": "",
   "revenue_cat": "Low",
   "budget_cat": "Low",
   "year_release": 1989,
   "date_formatted": "7/29/1989"
 },
 {
   "film": "Porco Rosso",
   "revenue": "0",
   "budget": 0,
   "language": "ja",
   "popularity": 15.277,
   "runtime": 94,
   "vote_average": 7.8,
   "vote_count": 1660,
   "id": 11621,
   "director": "Hayao Miyazaki",
   "tagline": "A Pig's Got to Fly",
   "genres": "[{'id': 35, 'name': 'Comedy'}, {'id': 16, 'name': 'Animation'}, {'id': 12, 'name': 'Adventure'}]",
   "director_id": 608,
   "release_date": "18/07/1992",
   "Popular_set": "Popular",
   "genre1": "Adventure",
   "genre2": "Animation",
   "genre3": "Comedy",
   "genre4": "",
   "genre5": "",
   "genre6": "",
   "genre7": "",
   "revenue_cat": "Not reported",
   "budget_cat": "Not reported",
   "year_release": 1992,
   "date_formatted": "7/18/1992"
 },
 {
   "film": "Princess Mononoke",
   "revenue": "159,375,308.00",
   "budget": 26500000,
   "language": "ja",
   "popularity": 26.213,
   "runtime": 134,
   "vote_average": 8.4,
   "vote_count": 4698,
   "id": 128,
   "director": "Hayao Miyazaki",
   "tagline": "The Fate Of The World Rests On The Courage Of One Warrior.",
   "genres": "[{'id': 12, 'name': 'Adventure'}, {'id': 14, 'name': 'Fantasy'}, {'id': 16, 'name': 'Animation'}]",
   "director_id": 608,
   "release_date": "12/07/1997",
   "Popular_set": "Popular",
   "genre1": "Adventure",
   "genre2": "Animation",
   "genre3": "Fantasy",
   "genre4": "",
   "genre5": "",
   "genre6": "",
   "genre7": "",
   "revenue_cat": "Medium",
   "budget_cat": "Medium",
   "year_release": 1997,
   "date_formatted": "7/12/1997"
 },
 {
   "film": "Spirited Away",
   "revenue": "274,925,095.00",
   "budget": 19000000,
   "language": "ja",
   "popularity": 38.51,
   "runtime": 125,
   "vote_average": 8.5,
   "vote_count": 9396,
   "id": 129,
   "director": "Hayao Miyazaki",
   "tagline": "",
   "genres": "[{'id': 16, 'name': 'Animation'}, {'id': 10751, 'name': 'Family'}, {'id': 14, 'name': 'Fantasy'}]",
   "director_id": 608,
   "release_date": "20/07/2001",
   "Popular_set": "Popular",
   "genre1": "Animation",
   "genre2": "Fantasy",
   "genre3": "Family",
   "genre4": "",
   "genre5": "",
   "genre6": "",
   "genre7": "",
   "revenue_cat": "Medium",
   "budget_cat": "Low",
   "year_release": 2001,
   "date_formatted": "7/20/2001"
 },
 {
   "film": "Howl's Moving Castle",
   "revenue": "236,049,757.00",
   "budget": 24000000,
   "language": "ja",
   "popularity": 29.454,
   "runtime": 119,
   "vote_average": 8.4,
   "vote_count": 5056,
   "id": 4935,
   "director": "Hayao Miyazaki",
   "tagline": "The two lived there",
   "genres": "[{'id': 14, 'name': 'Fantasy'}, {'id': 16, 'name': 'Animation'}, {'id': 12, 'name': 'Adventure'}]",
   "director_id": 608,
   "release_date": "19/11/2004",
   "Popular_set": "Popular",
   "genre1": "Adventure",
   "genre2": "Animation",
   "genre3": "Fantasy",
   "genre4": "",
   "genre5": "",
   "genre6": "",
   "genre7": "",
   "revenue_cat": "Medium",
   "budget_cat": "Medium",
   "year_release": 2004,
   "date_formatted": "11/19/2004"
 },
 {
   "film": "Ponyo",
   "revenue": "202,404,009.00",
   "budget": 41677699,
   "language": "ja",
   "popularity": 29.901,
   "runtime": 100,
   "vote_average": 7.7,
   "vote_count": 2228,
   "id": 12429,
   "director": "Hayao Miyazaki",
   "tagline": "Welcome to a world where anything is possible.",
   "genres": "[{'id': 16, 'name': 'Animation'}, {'id': 10751, 'name': 'Family'}]",
   "director_id": 608,
   "release_date": "19/07/2008",
   "Popular_set": "Popular",
   "genre1": "Animation",
   "genre2": "Family",
   "genre3": "",
   "genre4": "",
   "genre5": "",
   "genre6": "",
   "genre7": "",
   "revenue_cat": "Medium",
   "budget_cat": "Medium",
   "year_release": 2008,
   "date_formatted": "7/19/2008"
 },
 {
   "film": "The Wind Rises",
   "revenue": "117,932,401.00",
   "budget": 30000000,
   "language": "ja",
   "popularity": 16.825,
   "runtime": 126,
   "vote_average": 7.8,
   "vote_count": 1587,
   "id": 149870,
   "director": "Hayao Miyazaki",
   "tagline": "We must live.",
   "genres": "[{'id': 16, 'name': 'Animation'}, {'id': 10752, 'name': 'War'}, {'id': 36, 'name': 'History'}, {'id': 18, 'name': 'Drama'}]",
   "director_id": 608,
   "release_date": "20/07/2013",
   "Popular_set": "Not popular",
   "genre1": "Animation",
   "genre2": "War",
   "genre3": "History",
   "genre4": "Drama",
   "genre5": "",
   "genre6": "",
   "genre7": "",
   "revenue_cat": "Medium",
   "budget_cat": "Medium",
   "year_release": 2013,
   "date_formatted": "7/20/2013"
 },
 {
   "film": "Boxcar Bertha",
   "revenue": "0",
   "budget": 600000,
   "language": "en",
   "popularity": 7.683,
   "runtime": 88,
   "vote_average": 6.1,
   "vote_count": 95,
   "id": 22784,
   "director": "Martin Scorsese",
   "tagline": "Life made her an outcast. Love made her an outlaw.",
   "genres": "[{'id': 80, 'name': 'Crime'}, {'id': 18, 'name': 'Drama'}, {'id': 10749, 'name': 'Romance'}, {'id': 53, 'name': 'Thriller'}]",
   "director_id": 1032,
   "release_date": "14/06/1972",
   "Popular_set": "Popular",
   "genre1": "Crime",
   "genre2": "Drama",
   "genre3": "Thriller",
   "genre4": "Romance",
   "genre5": "",
   "genre6": "",
   "genre7": "",
   "revenue_cat": "Not reported",
   "budget_cat": "Low",
   "year_release": 1972,
   "date_formatted": "6/14/1972"
 },
 {
   "film": "Mean Streets",
   "revenue": "3,000,000.00",
   "budget": 500000,
   "language": "en",
   "popularity": 9.765,
   "runtime": 110,
   "vote_average": 7.2,
   "vote_count": 1175,
   "id": 203,
   "director": "Martin Scorsese",
   "tagline": "You don't make up for your sins in church. You do it in the streets...",
   "genres": "[{'id': 18, 'name': 'Drama'}, {'id': 80, 'name': 'Crime'}]",
   "director_id": 1032,
   "release_date": "02/10/1973",
   "Popular_set": "Popular",
   "genre1": "Crime",
   "genre2": "Drama",
   "genre3": "",
   "genre4": "",
   "genre5": "",
   "genre6": "",
   "genre7": "",
   "revenue_cat": "Low",
   "budget_cat": "Low",
   "year_release": 1973,
   "date_formatted": "10/2/1973"
 },
 {
   "film": "Alice Doesn't Live Here Anymore",
   "revenue": "0",
   "budget": 0,
   "language": "en",
   "popularity": 8.417,
   "runtime": 112,
   "vote_average": 6.9,
   "vote_count": 221,
   "id": 16153,
   "director": "Martin Scorsese",
   "tagline": "A picture for anyone who has ever dreamed of a second chance!",
   "genres": "[{'id': 18, 'name': 'Drama'}, {'id': 10749, 'name': 'Romance'}, {'id': 35, 'name': 'Comedy'}]",
   "director_id": 1032,
   "release_date": "09/12/1974",
   "Popular_set": "Popular",
   "genre1": "Comedy",
   "genre2": "Drama",
   "genre3": "Romance",
   "genre4": "",
   "genre5": "",
   "genre6": "",
   "genre7": "",
   "revenue_cat": "Not reported",
   "budget_cat": "Not reported",
   "year_release": 1974,
   "date_formatted": "12/9/1974"
 },
 {
   "film": "Taxi Driver",
   "revenue": "28,262,574.00",
   "budget": 1300000,
   "language": "en",
   "popularity": 18.742,
   "runtime": 114,
   "vote_average": 8.2,
   "vote_count": 6758,
   "id": 103,
   "director": "Martin Scorsese",
   "tagline": "On every street in every city, there's a nobody who dreams of being a somebody.",
   "genres": "[{'id': 80, 'name': 'Crime'}, {'id': 18, 'name': 'Drama'}]",
   "director_id": 1032,
   "release_date": "09/02/1976",
   "Popular_set": "Popular",
   "genre1": "Crime",
   "genre2": "Drama",
   "genre3": "",
   "genre4": "",
   "genre5": "",
   "genre6": "",
   "genre7": "",
   "revenue_cat": "Low",
   "budget_cat": "Low",
   "year_release": 1976,
   "date_formatted": "2/9/1976"
 },
 {
   "film": "New York, New York",
   "revenue": "16,400,000.00",
   "budget": 14000000,
   "language": "en",
   "popularity": 11.271,
   "runtime": 163,
   "vote_average": 6.6,
   "vote_count": 230,
   "id": 12637,
   "director": "Martin Scorsese",
   "tagline": "The war was over and the world was falling in love again.",
   "genres": "[{'id': 18, 'name': 'Drama'}, {'id': 10402, 'name': 'Music'}, {'id': 10749, 'name': 'Romance'}]",
   "director_id": 1032,
   "release_date": "21/06/1977",
   "Popular_set": "Popular",
   "genre1": "Drama",
   "genre2": "Music",
   "genre3": "Romance",
   "genre4": "",
   "genre5": "",
   "genre6": "",
   "genre7": "",
   "revenue_cat": "Low",
   "budget_cat": "Low",
   "year_release": 1977,
   "date_formatted": "6/21/1977"
 },
 {
   "film": "The Last Waltz",
   "revenue": "321,952.00",
   "budget": 0,
   "language": "en",
   "popularity": 9.43,
   "runtime": 117,
   "vote_average": 7.8,
   "vote_count": 123,
   "id": 13963,
   "director": "Martin Scorsese",
   "tagline": "It Started as a Concert. It Became a Celebration.",
   "genres": "[{'id': 99, 'name': 'Documentary'}, {'id': 10402, 'name': 'Music'}]",
   "director_id": 1032,
   "release_date": "01/05/1978",
   "Popular_set": "Not popular",
   "genre1": "Documentary",
   "genre2": "Music",
   "genre3": "",
   "genre4": "",
   "genre5": "",
   "genre6": "",
   "genre7": "",
   "revenue_cat": "Low",
   "budget_cat": "Not reported",
   "year_release": 1978,
   "date_formatted": "5/1/1978"
 },
 {
   "film": "Raging Bull",
   "revenue": "23,000,000.00",
   "budget": 18000000,
   "language": "en",
   "popularity": 16.626,
   "runtime": 129,
   "vote_average": 8,
   "vote_count": 2401,
   "id": 1578,
   "director": "Martin Scorsese",
   "tagline": "",
   "genres": "[{'id': 18, 'name': 'Drama'}]",
   "director_id": 1032,
   "release_date": "14/11/1980",
   "Popular_set": "Popular",
   "genre1": "Drama",
   "genre2": "",
   "genre3": "",
   "genre4": "",
   "genre5": "",
   "genre6": "",
   "genre7": "",
   "revenue_cat": "Low",
   "budget_cat": "Low",
   "year_release": 1980,
   "date_formatted": "11/14/1980"
 },
 {
   "film": "The King of Comedy",
   "revenue": "0",
   "budget": 20000000,
   "language": "en",
   "popularity": 12.957,
   "runtime": 109,
   "vote_average": 7.7,
   "vote_count": 1094,
   "id": 262,
   "director": "Martin Scorsese",
   "tagline": "It's No Laughing Matter.",
   "genres": "[{'id': 35, 'name': 'Comedy'}, {'id': 18, 'name': 'Drama'}]",
   "director_id": 1032,
   "release_date": "18/12/1982",
   "Popular_set": "Popular",
   "genre1": "Comedy",
   "genre2": "Drama",
   "genre3": "",
   "genre4": "",
   "genre5": "",
   "genre6": "",
   "genre7": "",
   "revenue_cat": "Not reported",
   "budget_cat": "Medium",
   "year_release": 1982,
   "date_formatted": "12/18/1982"
 },
 {
   "film": "After Hours",
   "revenue": "10,609,321.00",
   "budget": 4500000,
   "language": "en",
   "popularity": 9.404,
   "runtime": 97,
   "vote_average": 7.5,
   "vote_count": 675,
   "id": 10843,
   "director": "Martin Scorsese",
   "tagline": "When it's after midnight in New York City, you don't have to look for love, laughter and trouble. They'll all find you!",
   "genres": "[{'id': 35, 'name': 'Comedy'}, {'id': 53, 'name': 'Thriller'}, {'id': 18, 'name': 'Drama'}]",
   "director_id": 1032,
   "release_date": "13/09/1985",
   "Popular_set": "Popular",
   "genre1": "Comedy",
   "genre2": "Thriller",
   "genre3": "Drama",
   "genre4": "",
   "genre5": "",
   "genre6": "",
   "genre7": "",
   "revenue_cat": "Low",
   "budget_cat": "Low",
   "year_release": 1985,
   "date_formatted": "9/13/1985"
 },
 {
   "film": "The Color of Money",
   "revenue": "52,293,982.00",
   "budget": 13800000,
   "language": "en",
   "popularity": 9.344,
   "runtime": 119,
   "vote_average": 6.8,
   "vote_count": 707,
   "id": 11873,
   "director": "Martin Scorsese",
   "tagline": "The Hustler isn't what he used to be. But he has the next best thing. A kid who is.",
   "genres": "[{'id': 18, 'name': 'Drama'}]",
   "director_id": 1032,
   "release_date": "07/10/1986",
   "Popular_set": "Popular",
   "genre1": "Drama",
   "genre2": "",
   "genre3": "",
   "genre4": "",
   "genre5": "",
   "genre6": "",
   "genre7": "",
   "revenue_cat": "Low",
   "budget_cat": "Low",
   "year_release": 1986,
   "date_formatted": "10/7/1986"
 },
 {
   "film": "The Last Temptation of Christ",
   "revenue": "8,373,585.00",
   "budget": 7000000,
   "language": "en",
   "popularity": 10.713,
   "runtime": 164,
   "vote_average": 7.3,
   "vote_count": 544,
   "id": 11051,
   "director": "Martin Scorsese",
   "tagline": "",
   "genres": "[{'id': 18, 'name': 'Drama'}]",
   "director_id": 1032,
   "release_date": "12/08/1988",
   "Popular_set": "Not popular",
   "genre1": "Drama",
   "genre2": "",
   "genre3": "",
   "genre4": "",
   "genre5": "",
   "genre6": "",
   "genre7": "",
   "revenue_cat": "Low",
   "budget_cat": "Low",
   "year_release": 1988,
   "date_formatted": "8/12/1988"
 },
 {
   "film": "New York Stories",
   "revenue": "0",
   "budget": 15000000,
   "language": "en",
   "popularity": 7.761,
   "runtime": 124,
   "vote_average": 6.4,
   "vote_count": 191,
   "id": 9686,
   "director": "Woody Allen",
   "tagline": "One city, three stories tall",
   "genres": "[{'id': 35, 'name': 'Comedy'}, {'id': 18, 'name': 'Drama'}, {'id': 10749, 'name': 'Romance'}]",
   "director_id": 1032,
   "release_date": "10/03/1989",
   "Popular_set": "Not popular",
   "genre1": "Comedy",
   "genre2": "Drama",
   "genre3": "Romance",
   "genre4": "",
   "genre5": "",
   "genre6": "",
   "genre7": "",
   "revenue_cat": "Not reported",
   "budget_cat": "Low",
   "year_release": 1989,
   "date_formatted": "3/10/1989"
 },
 {
   "film": "GoodFellas",
   "revenue": "46,836,394.00",
   "budget": 25000000,
   "language": "en",
   "popularity": 26.256,
   "runtime": 145,
   "vote_average": 8.4,
   "vote_count": 7308,
   "id": 769,
   "director": "Martin Scorsese",
   "tagline": "Three Decades of Life in the Mafia.",
   "genres": "[{'id': 18, 'name': 'Drama'}, {'id': 80, 'name': 'Crime'}]",
   "director_id": 1032,
   "release_date": "12/09/1990",
   "Popular_set": "Popular",
   "genre1": "Drama",
   "genre2": "Crime",
   "genre3": "",
   "genre4": "",
   "genre5": "",
   "genre6": "",
   "genre7": "",
   "revenue_cat": "Low",
   "budget_cat": "Medium",
   "year_release": 1990,
   "date_formatted": "9/12/1990"
 },
 {
   "film": "Cape Fear",
   "revenue": "182,300,000.00",
   "budget": 35000000,
   "language": "en",
   "popularity": 13.099,
   "runtime": 128,
   "vote_average": 7.2,
   "vote_count": 1823,
   "id": 1598,
   "director": "Martin Scorsese",
   "tagline": "There is nothing in the dark that isn't there in the light. Except fear.",
   "genres": "[{'id': 53, 'name': 'Thriller'}, {'id': 80, 'name': 'Crime'}]",
   "director_id": 1032,
   "release_date": "03/04/1991",
   "Popular_set": "Popular",
   "genre1": "Thriller",
   "genre2": "",
   "genre3": "",
   "genre4": "",
   "genre5": "",
   "genre6": "",
   "genre7": "",
   "revenue_cat": "Medium",
   "budget_cat": "Medium",
   "year_release": 1991,
   "date_formatted": "4/3/1991"
 },
 {
   "film": "The Age of Innocence",
   "revenue": "32,255,440.00",
   "budget": 34000000,
   "language": "en",
   "popularity": 10.046,
   "runtime": 139,
   "vote_average": 7,
   "vote_count": 504,
   "id": 10436,
   "director": "Martin Scorsese",
   "tagline": "In a world of tradition. In an age of innocence. They dared to break the rules.",
   "genres": "[{'id': 18, 'name': 'Drama'}, {'id': 10749, 'name': 'Romance'}]",
   "director_id": 1032,
   "release_date": "17/09/1993",
   "Popular_set": "Not popular",
   "genre1": "Drama",
   "genre2": "Romance",
   "genre3": "",
   "genre4": "",
   "genre5": "",
   "genre6": "",
   "genre7": "",
   "revenue_cat": "Low",
   "budget_cat": "Medium",
   "year_release": 1993,
   "date_formatted": "9/17/1993"
 },
 {
   "film": "Casino",
   "revenue": "116,112,375.00",
   "budget": 52000000,
   "language": "en",
   "popularity": 17.934,
   "runtime": 179,
   "vote_average": 8,
   "vote_count": 3170,
   "id": 524,
   "director": "Martin Scorsese",
   "tagline": "No one stays at the top forever.",
   "genres": "[{'id': 80, 'name': 'Crime'}]",
   "director_id": 1032,
   "release_date": "22/11/1995",
   "Popular_set": "Popular",
   "genre1": "Crime",
   "genre2": "",
   "genre3": "",
   "genre4": "",
   "genre5": "",
   "genre6": "",
   "genre7": "",
   "revenue_cat": "Medium",
   "budget_cat": "Medium",
   "year_release": 1995,
   "date_formatted": "11/22/1995"
 },
 {
   "film": "Kundun",
   "revenue": "5,684,789.00",
   "budget": 28000000,
   "language": "en",
   "popularity": 8.909,
   "runtime": 134,
   "vote_average": 7,
   "vote_count": 232,
   "id": 9746,
   "director": "Martin Scorsese",
   "tagline": "The destiny of a people lies in the heart of a boy.",
   "genres": "[{'id': 18, 'name': 'Drama'}, {'id': 36, 'name': 'History'}]",
   "director_id": 1032,
   "release_date": "25/12/1997",
   "Popular_set": "Not popular",
   "genre1": "Drama",
   "genre2": "History",
   "genre3": "",
   "genre4": "",
   "genre5": "",
   "genre6": "",
   "genre7": "",
   "revenue_cat": "Low",
   "budget_cat": "Medium",
   "year_release": 1997,
   "date_formatted": "12/25/1997"
 },
 {
   "film": "Bringing Out the Dead",
   "revenue": "0",
   "budget": 32000000,
   "language": "en",
   "popularity": 11.731,
   "runtime": 121,
   "vote_average": 6.7,
   "vote_count": 510,
   "id": 8649,
   "director": "Martin Scorsese",
   "tagline": "Saving a life is the ultimate rush.",
   "genres": "[{'id': 18, 'name': 'Drama'}]",
   "director_id": 1032,
   "release_date": "22/10/1999",
   "Popular_set": "Not popular",
   "genre1": "Drama",
   "genre2": "",
   "genre3": "",
   "genre4": "",
   "genre5": "",
   "genre6": "",
   "genre7": "",
   "revenue_cat": "Not reported",
   "budget_cat": "Medium",
   "year_release": 1999,
   "date_formatted": "10/22/1999"
 },
 {
   "film": "Gangs of New York",
   "revenue": "193,772,504.00",
   "budget": 100000000,
   "language": "en",
   "popularity": 15.747,
   "runtime": 167,
   "vote_average": 7.3,
   "vote_count": 4244,
   "id": 3131,
   "director": "Martin Scorsese",
   "tagline": "America was born in the streets.",
   "genres": "[{'id': 18, 'name': 'Drama'}, {'id': 36, 'name': 'History'}, {'id': 80, 'name': 'Crime'}]",
   "director_id": 1032,
   "release_date": "14/12/2002",
   "Popular_set": "Popular",
   "genre1": "Drama",
   "genre2": "History",
   "genre3": "Crime",
   "genre4": "",
   "genre5": "",
   "genre6": "",
   "genre7": "",
   "revenue_cat": "Medium",
   "budget_cat": "High",
   "year_release": 2002,
   "date_formatted": "12/14/2002"
 },
 {
   "film": "The Aviator",
   "revenue": "213,719,942.00",
   "budget": 110000000,
   "language": "en",
   "popularity": 13.912,
   "runtime": 170,
   "vote_average": 7.2,
   "vote_count": 3346,
   "id": 2567,
   "director": "Martin Scorsese",
   "tagline": "For some men, the sky was the limit. For him, it was just the beginning.",
   "genres": "[{'id': 18, 'name': 'Drama'}]",
   "director_id": 1032,
   "release_date": "17/12/2004",
   "Popular_set": "Popular",
   "genre1": "Drama",
   "genre2": "",
   "genre3": "",
   "genre4": "",
   "genre5": "",
   "genre6": "",
   "genre7": "",
   "revenue_cat": "Medium",
   "budget_cat": "High",
   "year_release": 2004,
   "date_formatted": "12/17/2004"
 },
 {
   "film": "The Departed",
   "revenue": "289,847,354.00",
   "budget": 90000000,
   "language": "en",
   "popularity": 23.429,
   "runtime": 151,
   "vote_average": 8.1,
   "vote_count": 9592,
   "id": 1422,
   "director": "Martin Scorsese",
   "tagline": "Lies. Betrayal. Sacrifice. How far will you take it?",
   "genres": "[{'id': 18, 'name': 'Drama'}, {'id': 53, 'name': 'Thriller'}, {'id': 80, 'name': 'Crime'}]",
   "director_id": 1032,
   "release_date": "05/10/2006",
   "Popular_set": "Popular",
   "genre1": "Drama",
   "genre2": "Thriller",
   "genre3": "Crime",
   "genre4": "",
   "genre5": "",
   "genre6": "",
   "genre7": "",
   "revenue_cat": "Medium",
   "budget_cat": "High",
   "year_release": 2006,
   "date_formatted": "10/5/2006"
 },
 {
   "film": "Shutter Island",
   "revenue": "294,804,195.00",
   "budget": 80000000,
   "language": "en",
   "popularity": 33.251,
   "runtime": 138,
   "vote_average": 8.1,
   "vote_count": 15400,
   "id": 11324,
   "director": "Martin Scorsese",
   "tagline": "Someone is missing",
   "genres": "[{'id': 18, 'name': 'Drama'}, {'id': 53, 'name': 'Thriller'}, {'id': 9648, 'name': 'Mystery'}]",
   "director_id": 1032,
   "release_date": "14/02/2010",
   "Popular_set": "Popular",
   "genre1": "Drama",
   "genre2": "Mystery",
   "genre3": "Thriller",
   "genre4": "",
   "genre5": "",
   "genre6": "",
   "genre7": "",
   "revenue_cat": "Medium",
   "budget_cat": "High",
   "year_release": 2010,
   "date_formatted": "2/14/2010"
 },
 {
   "film": "Hugo",
   "revenue": "185,770,160.00",
   "budget": 170000000,
   "language": "en",
   "popularity": 15.13,
   "runtime": 126,
   "vote_average": 7.1,
   "vote_count": 4898,
   "id": 44826,
   "director": "Martin Scorsese",
   "tagline": "One of the most legendary directors of our time takes you on an extraordinary adventure.",
   "genres": "[{'id': 12, 'name': 'Adventure'}, {'id': 18, 'name': 'Drama'}, {'id': 10751, 'name': 'Family'}]",
   "director_id": 1032,
   "release_date": "22/11/2011",
   "Popular_set": "Popular",
   "genre1": "Adventure",
   "genre2": "Drama",
   "genre3": "Family",
   "genre4": "",
   "genre5": "",
   "genre6": "",
   "genre7": "",
   "revenue_cat": "Medium",
   "budget_cat": "Very high",
   "year_release": 2011,
   "date_formatted": "11/22/2011"
 },
 {
   "film": "The Wolf of Wall Street",
   "revenue": "392,000,694.00",
   "budget": 100000000,
   "language": "en",
   "popularity": 29.903,
   "runtime": 180,
   "vote_average": 8,
   "vote_count": 15070,
   "id": 106646,
   "director": "Martin Scorsese",
   "tagline": "EARN. SPEND. PARTY.",
   "genres": "[{'id': 80, 'name': 'Crime'}, {'id': 18, 'name': 'Drama'}, {'id': 35, 'name': 'Comedy'}]",
   "director_id": 1032,
   "release_date": "25/12/2013",
   "Popular_set": "Popular",
   "genre1": "Crime",
   "genre2": "Drama",
   "genre3": "Comedy",
   "genre4": "",
   "genre5": "",
   "genre6": "",
   "genre7": "",
   "revenue_cat": "Medium",
   "budget_cat": "High",
   "year_release": 2013,
   "date_formatted": "12/25/2013"
 },
 {
   "film": "Silence",
   "revenue": "23,737,523.00",
   "budget": 46000000,
   "language": "en",
   "popularity": 14.804,
   "runtime": 161,
   "vote_average": 7.1,
   "vote_count": 1990,
   "id": 68730,
   "director": "Martin Scorsese",
   "tagline": "Pray with your eyes open",
   "genres": "[{'id': 18, 'name': 'Drama'}, {'id': 36, 'name': 'History'}]",
   "director_id": 1032,
   "release_date": "22/12/2016",
   "Popular_set": "Not popular",
   "genre1": "Drama",
   "genre2": "History",
   "genre3": "",
   "genre4": "",
   "genre5": "",
   "genre6": "",
   "genre7": "",
   "revenue_cat": "Low",
   "budget_cat": "Medium",
   "year_release": 2016,
   "date_formatted": "12/22/2016"
 },
 {
   "film": "The Irishman",
   "revenue": "607,420.00",
   "budget": 159000000,
   "language": "en",
   "popularity": 29.727,
   "runtime": 209,
   "vote_average": 7.7,
   "vote_count": 3449,
   "id": 398978,
   "director": "Martin Scorsese",
   "tagline": "His story changed history",
   "genres": "[{'id': 80, 'name': 'Crime'}, {'id': 18, 'name': 'Drama'}, {'id': 36, 'name': 'History'}]",
   "director_id": 1032,
   "release_date": "01/11/2019",
   "Popular_set": "Not popular",
   "genre1": "Crime",
   "genre2": "Drama",
   "genre3": "History",
   "genre4": "",
   "genre5": "",
   "genre6": "",
   "genre7": "",
   "revenue_cat": "Low",
   "budget_cat": "High",
   "year_release": 2019,
   "date_formatted": "11/1/2019"
 },
 {
   "film": "Hi, Mom!",
   "revenue": "0",
   "budget": 0,
   "language": "en",
   "popularity": 5.124,
   "runtime": 87,
   "vote_average": 6.1,
   "vote_count": 53,
   "id": 42589,
   "director": "Brian De Palma",
   "tagline": "God bless our humble upper-middle-class high-rise co-op and keep it free from smut peddlers, militants, urban guerrillas and Greenwich Village liberals.",
   "genres": "[{'id': 35, 'name': 'Comedy'}, {'id': 18, 'name': 'Drama'}]",
   "director_id": 1150,
   "release_date": "27/04/1970",
   "Popular_set": "Not popular",
   "genre1": "Comedy",
   "genre2": "Drama",
   "genre3": "",
   "genre4": "",
   "genre5": "",
   "genre6": "",
   "genre7": "",
   "revenue_cat": "Not reported",
   "budget_cat": "Not reported",
   "year_release": 1970,
   "date_formatted": "4/27/1970"
 },
 {
   "film": "Get to Know Your Rabbit",
   "revenue": "0",
   "budget": 0,
   "language": "en",
   "popularity": 3.641,
   "runtime": 91,
   "vote_average": 5.8,
   "vote_count": 8,
   "id": 89417,
   "director": "Brian De Palma",
   "tagline": "",
   "genres": "[{'id': 35, 'name': 'Comedy'}]",
   "director_id": 1150,
   "release_date": "01/06/1972",
   "Popular_set": "Not popular",
   "genre1": "Comedy",
   "genre2": "",
   "genre3": "",
   "genre4": "",
   "genre5": "",
   "genre6": "",
   "genre7": "",
   "revenue_cat": "Not reported",
   "budget_cat": "Not reported",
   "year_release": 1972,
   "date_formatted": "6/1/1972"
 },
 {
   "film": "Sisters",
   "revenue": "0",
   "budget": 500000,
   "language": "en",
   "popularity": 8.247,
   "runtime": 93,
   "vote_average": 6.7,
   "vote_count": 150,
   "id": 22307,
   "director": "Brian De Palma",
   "tagline": "They were joined at birth by the devil and the evil never left them!",
   "genres": "[{'id': 27, 'name': 'Horror'}, {'id': 9648, 'name': 'Mystery'}, {'id': 53, 'name': 'Thriller'}]",
   "director_id": 1150,
   "release_date": "26/03/1973",
   "Popular_set": "Not popular",
   "genre1": "Horror",
   "genre2": "Mistery",
   "genre3": "Thriller",
   "genre4": "",
   "genre5": "",
   "genre6": "",
   "genre7": "",
   "revenue_cat": "Not reported",
   "budget_cat": "Low",
   "year_release": 1973,
   "date_formatted": "3/26/1973"
 },
 {
   "film": "Phantom of the Paradise",
   "revenue": "0",
   "budget": 0,
   "language": "en",
   "popularity": 7.99,
   "runtime": 92,
   "vote_average": 7.6,
   "vote_count": 299,
   "id": 27327,
   "director": "Brian De Palma",
   "tagline": "The Most Highly Acclaimed Horror Phantasy Of Our Time.",
   "genres": "[{'id': 35, 'name': 'Comedy'}, {'id': 14, 'name': 'Fantasy'}, {'id': 27, 'name': 'Horror'}, {'id': 10402, 'name': 'Music'}, {'id': 53, 'name': 'Thriller'}]",
   "director_id": 1150,
   "release_date": "31/10/1974",
   "Popular_set": "Popular",
   "genre1": "Comedy",
   "genre2": "Fantasy",
   "genre3": "Horror",
   "genre4": "Music",
   "genre5": "Thriller",
   "genre6": "",
   "genre7": "",
   "revenue_cat": "Not reported",
   "budget_cat": "Not reported",
   "year_release": 1974,
   "date_formatted": "10/31/1974"
 },
 {
   "film": "Obsession",
   "revenue": "0",
   "budget": 0,
   "language": "en",
   "popularity": 6.855,
   "runtime": 99,
   "vote_average": 6.6,
   "vote_count": 107,
   "id": 4780,
   "director": "Brian De Palma",
   "tagline": "A bizarre story of love.",
   "genres": "[{'id': 18, 'name': 'Drama'}, {'id': 53, 'name': 'Thriller'}, {'id': 9648, 'name': 'Mystery'}]",
   "director_id": 1150,
   "release_date": "01/08/1976",
   "Popular_set": "Popular",
   "genre1": "Drama",
   "genre2": "Mystery",
   "genre3": "Thriller",
   "genre4": "",
   "genre5": "",
   "genre6": "",
   "genre7": "",
   "revenue_cat": "Not reported",
   "budget_cat": "Not reported",
   "year_release": 1976,
   "date_formatted": "8/1/1976"
 },
 {
   "film": "Carrie",
   "revenue": "33,800,000.00",
   "budget": 1800000,
   "language": "en",
   "popularity": 14.447,
   "runtime": 98,
   "vote_average": 7.2,
   "vote_count": 2173,
   "id": 7340,
   "director": "Brian De Palma",
   "tagline": "If you've got a taste for terrorâ€¦ take Carrie to the prom.",
   "genres": "[{'id': 27, 'name': 'Horror'}, {'id': 53, 'name': 'Thriller'}]",
   "director_id": 1150,
   "release_date": "03/11/1976",
   "Popular_set": "Popular",
   "genre1": "Horror",
   "genre2": "Thriller",
   "genre3": "",
   "genre4": "",
   "genre5": "",
   "genre6": "",
   "genre7": "",
   "revenue_cat": "Low",
   "budget_cat": "Low",
   "year_release": 1976,
   "date_formatted": "11/3/1976"
 },
 {
   "film": "The Fury",
   "revenue": "24,000,000.00",
   "budget": 5500000,
   "language": "en",
   "popularity": 9.846,
   "runtime": 118,
   "vote_average": 6.2,
   "vote_count": 159,
   "id": 12611,
   "director": "Brian De Palma",
   "tagline": "An experience in terror and suspense.",
   "genres": "[{'id': 27, 'name': 'Horror'}, {'id': 878, 'name': 'Science Fiction'}, {'id': 53, 'name': 'Thriller'}]",
   "director_id": 1150,
   "release_date": "10/03/1978",
   "Popular_set": "Not popular",
   "genre1": "Horror",
   "genre2": "Science Fiction",
   "genre3": "Thriller",
   "genre4": "",
   "genre5": "",
   "genre6": "",
   "genre7": "",
   "revenue_cat": "Low",
   "budget_cat": "Low",
   "year_release": 1978,
   "date_formatted": "3/10/1978"
 },
 {
   "film": "Home Movies",
   "revenue": "0",
   "budget": 0,
   "language": "en",
   "popularity": 2.996,
   "runtime": 90,
   "vote_average": 4.9,
   "vote_count": 12,
   "id": 6984,
   "director": "Brian De Palma",
   "tagline": "Brian de Palma's comedy that catches every body in the act!",
   "genres": "[{'id': 35, 'name': 'Comedy'}]",
   "director_id": 1150,
   "release_date": "16/05/1980",
   "Popular_set": "Not popular",
   "genre1": "Comedy",
   "genre2": "",
   "genre3": "",
   "genre4": "",
   "genre5": "",
   "genre6": "",
   "genre7": "",
   "revenue_cat": "Not reported",
   "budget_cat": "Not reported",
   "year_release": 1980,
   "date_formatted": "5/16/1980"
 },
 {
   "film": "Dressed to Kill",
   "revenue": "31,899,000.00",
   "budget": 6500000,
   "language": "en",
   "popularity": 9.77,
   "runtime": 105,
   "vote_average": 6.9,
   "vote_count": 394,
   "id": 11033,
   "director": "Brian De Palma",
   "tagline": "",
   "genres": "[{'id': 9648, 'name': 'Mystery'}, {'id': 53, 'name': 'Thriller'}]",
   "director_id": 1150,
   "release_date": "25/07/1980",
   "Popular_set": "Popular",
   "genre1": "Mystery",
   "genre2": "Thriller",
   "genre3": "",
   "genre4": "",
   "genre5": "",
   "genre6": "",
   "genre7": "",
   "revenue_cat": "Low",
   "budget_cat": "Low",
   "year_release": 1980,
   "date_formatted": "7/25/1980"
 },
 {
   "film": "Blow Out",
   "revenue": "12,000,000.00",
   "budget": 18000000,
   "language": "en",
   "popularity": 7.706,
   "runtime": 108,
   "vote_average": 7.4,
   "vote_count": 641,
   "id": 11644,
   "director": "Brian De Palma",
   "tagline": "Murder has a sound all of its own!",
   "genres": "[{'id': 53, 'name': 'Thriller'}]",
   "director_id": 1150,
   "release_date": "24/07/1981",
   "Popular_set": "Popular",
   "genre1": "Thriller",
   "genre2": "",
   "genre3": "",
   "genre4": "",
   "genre5": "",
   "genre6": "",
   "genre7": "",
   "revenue_cat": "Low",
   "budget_cat": "Low",
   "year_release": 1981,
   "date_formatted": "7/24/1981"
 },
 {
   "film": "Scarface",
   "revenue": "66,023,329.00",
   "budget": 25000000,
   "language": "en",
   "popularity": 24.908,
   "runtime": 170,
   "vote_average": 8.1,
   "vote_count": 6789,
   "id": 111,
   "director": "Brian De Palma",
   "tagline": "The world is yours...",
   "genres": "[{'id': 28, 'name': 'Action'}, {'id': 80, 'name': 'Crime'}, {'id': 18, 'name': 'Drama'}, {'id': 53, 'name': 'Thriller'}]",
   "director_id": 1150,
   "release_date": "08/12/1983",
   "Popular_set": "Popular",
   "genre1": "Action",
   "genre2": "Crime",
   "genre3": "Drama",
   "genre4": "Thriller",
   "genre5": "",
   "genre6": "",
   "genre7": "",
   "revenue_cat": "Low",
   "budget_cat": "Medium",
   "year_release": 1983,
   "date_formatted": "12/8/1983"
 },
 {
   "film": "Body Double",
   "revenue": "8,801,940.00",
   "budget": 10000000,
   "language": "en",
   "popularity": 9.662,
   "runtime": 114,
   "vote_average": 6.7,
   "vote_count": 310,
   "id": 11507,
   "director": "Brian De Palma",
   "tagline": "You can't believe everything you see.",
   "genres": "[{'id': 80, 'name': 'Crime'}, {'id': 9648, 'name': 'Mystery'}, {'id': 53, 'name': 'Thriller'}]",
   "director_id": 1150,
   "release_date": "25/10/1984",
   "Popular_set": "Not popular",
   "genre1": "Crime",
   "genre2": "Mistery",
   "genre3": "Thriller",
   "genre4": "",
   "genre5": "",
   "genre6": "",
   "genre7": "",
   "revenue_cat": "Low",
   "budget_cat": "Low",
   "year_release": 1984,
   "date_formatted": "10/25/1984"
 },
 {
   "film": "Wise Guys",
   "revenue": "8,475,466.00",
   "budget": 13000000,
   "language": "en",
   "popularity": 5.672,
   "runtime": 100,
   "vote_average": 5.9,
   "vote_count": 48,
   "id": 31659,
   "director": "Brian De Palma",
   "tagline": "What kind of guys gamble with the boss's money, swipe a killer's Cadillac, and party on the mob's credit card?",
   "genres": "[{'id': 35, 'name': 'Comedy'}, {'id': 80, 'name': 'Crime'}]",
   "director_id": 1150,
   "release_date": "17/04/1986",
   "Popular_set": "Not popular",
   "genre1": "Comedy",
   "genre2": "Crime",
   "genre3": "",
   "genre4": "",
   "genre5": "",
   "genre6": "",
   "genre7": "",
   "revenue_cat": "Low",
   "budget_cat": "Low",
   "year_release": 1986,
   "date_formatted": "4/17/1986"
 },
 {
   "film": "The Untouchables",
   "revenue": "76,270,454.00",
   "budget": 25000000,
   "language": "en",
   "popularity": 15.37,
   "runtime": 119,
   "vote_average": 7.8,
   "vote_count": 3422,
   "id": 117,
   "director": "Brian De Palma",
   "tagline": "What are you prepared to do?",
   "genres": "[{'id': 80, 'name': 'Crime'}, {'id': 18, 'name': 'Drama'}, {'id': 36, 'name': 'History'}, {'id': 53, 'name': 'Thriller'}]",
   "director_id": 1150,
   "release_date": "03/06/1987",
   "Popular_set": "Popular",
   "genre1": "Crime",
   "genre2": "Drama",
   "genre3": "History",
   "genre4": "Thriller",
   "genre5": "",
   "genre6": "",
   "genre7": "",
   "revenue_cat": "Low",
   "budget_cat": "Medium",
   "year_release": 1987,
   "date_formatted": "6/3/1987"
 },
 {
   "film": "Casualties of War",
   "revenue": "18,671,317.00",
   "budget": 22500000,
   "language": "en",
   "popularity": 10.403,
   "runtime": 113,
   "vote_average": 7.1,
   "vote_count": 405,
   "id": 10142,
   "director": "Brian De Palma",
   "tagline": "Even in war â€¦ murder is murder.",
   "genres": "[{'id': 18, 'name': 'Drama'}, {'id': 36, 'name': 'History'}, {'id': 10752, 'name': 'War'}]",
   "director_id": 1150,
   "release_date": "18/08/1989",
   "Popular_set": "Not popular",
   "genre1": "Drama",
   "genre2": "History",
   "genre3": "War",
   "genre4": "",
   "genre5": "",
   "genre6": "",
   "genre7": "",
   "revenue_cat": "Low",
   "budget_cat": "Medium",
   "year_release": 1989,
   "date_formatted": "8/18/1989"
 },
 {
   "film": "The Bonfire of the Vanities",
   "revenue": "15,691,192.00",
   "budget": 47000000,
   "language": "en",
   "popularity": 8.614,
   "runtime": 125,
   "vote_average": 5.6,
   "vote_count": 262,
   "id": 9586,
   "director": "Brian De Palma",
   "tagline": "Take one Wall Street tycoon, his Fifth Avenue mistress, a reporter hungry for fame, and make the wrong turn in The Bronx...then sit back and watch the sparks fly.",
   "genres": "[{'id': 35, 'name': 'Comedy'}, {'id': 18, 'name': 'Drama'}]",
   "director_id": 1150,
   "release_date": "21/12/1990",
   "Popular_set": "Not popular",
   "genre1": "Comedy",
   "genre2": "Drama",
   "genre3": "",
   "genre4": "",
   "genre5": "",
   "genre6": "",
   "genre7": "",
   "revenue_cat": "Low",
   "budget_cat": "Medium",
   "year_release": 1990,
   "date_formatted": "12/21/1990"
 },
 {
   "film": "Raising Cain",
   "revenue": "37,170,057.00",
   "budget": 12000000,
   "language": "en",
   "popularity": 8.232,
   "runtime": 92,
   "vote_average": 6,
   "vote_count": 150,
   "id": 13937,
   "director": "Brian De Palma",
   "tagline": "Demented. Deranged. Deceptive. De Palma.",
   "genres": "[{'id': 18, 'name': 'Drama'}, {'id': 27, 'name': 'Horror'}, {'id': 53, 'name': 'Thriller'}, {'id': 80, 'name': 'Crime'}]",
   "director_id": 1150,
   "release_date": "07/08/1992",
   "Popular_set": "Not popular",
   "genre1": "Drama",
   "genre2": "Horror",
   "genre3": "Thriller",
   "genre4": "Crime",
   "genre5": "",
   "genre6": "",
   "genre7": "",
   "revenue_cat": "Low",
   "budget_cat": "Low",
   "year_release": 1992,
   "date_formatted": "8/7/1992"
 },
 {
   "film": "Carlito's Way",
   "revenue": "36,516,012.00",
   "budget": 30000000,
   "language": "en",
   "popularity": 15.89,
   "runtime": 144,
   "vote_average": 7.8,
   "vote_count": 1818,
   "id": 6075,
   "director": "Brian De Palma",
   "tagline": "He's got a good future if he can live past next week.",
   "genres": "[{'id': 80, 'name': 'Crime'}, {'id': 53, 'name': 'Thriller'}]",
   "director_id": 1150,
   "release_date": "10/11/1993",
   "Popular_set": "Not popular",
   "genre1": "Crime",
   "genre2": "Thriller",
   "genre3": "",
   "genre4": "",
   "genre5": "",
   "genre6": "",
   "genre7": "",
   "revenue_cat": "Low",
   "budget_cat": "Medium",
   "year_release": 1993,
   "date_formatted": "11/10/1993"
 },
 {
   "film": "Mission: Impossible",
   "revenue": "457,696,359.00",
   "budget": 80000000,
   "language": "en",
   "popularity": 22.108,
   "runtime": 110,
   "vote_average": 6.9,
   "vote_count": 5509,
   "id": 954,
   "director": "Brian De Palma",
   "tagline": "Expect the Impossible.",
   "genres": "[{'id': 12, 'name': 'Adventure'}, {'id': 28, 'name': 'Action'}, {'id': 53, 'name': 'Thriller'}]",
   "director_id": 1150,
   "release_date": "22/05/1996",
   "Popular_set": "Popular",
   "genre1": "Adventure",
   "genre2": "Action",
   "genre3": "Thriller",
   "genre4": "",
   "genre5": "",
   "genre6": "",
   "genre7": "",
   "revenue_cat": "High",
   "budget_cat": "High",
   "year_release": 1996,
   "date_formatted": "5/22/1996"
 },
 {
   "film": "Snake Eyes",
   "revenue": "103,891,409.00",
   "budget": 73000000,
   "language": "en",
   "popularity": 11.463,
   "runtime": 98,
   "vote_average": 6,
   "vote_count": 712,
   "id": 8688,
   "director": "Brian De Palma",
   "tagline": "Believe everything except your eyes.",
   "genres": "[{'id': 53, 'name': 'Thriller'}]",
   "director_id": 1150,
   "release_date": "07/08/1998",
   "Popular_set": "Not popular",
   "genre1": "Thriller",
   "genre2": "",
   "genre3": "",
   "genre4": "",
   "genre5": "",
   "genre6": "",
   "genre7": "",
   "revenue_cat": "Medium",
   "budget_cat": "Medium",
   "year_release": 1998,
   "date_formatted": "8/7/1998"
 },
 {
   "film": "Mission to Mars",
   "revenue": "60,874,615.00",
   "budget": 90000000,
   "language": "en",
   "popularity": 12.378,
   "runtime": 114,
   "vote_average": 5.9,
   "vote_count": 797,
   "id": 2067,
   "director": "Brian De Palma",
   "tagline": "Let There Be Life.",
   "genres": "[{'id': 878, 'name': 'Science Fiction'}]",
   "director_id": 1150,
   "release_date": "10/03/2000",
   "Popular_set": "Popular",
   "genre1": "Science Fiction",
   "genre2": "",
   "genre3": "",
   "genre4": "",
   "genre5": "",
   "genre6": "",
   "genre7": "",
   "revenue_cat": "Low",
   "budget_cat": "High",
   "year_release": 2000,
   "date_formatted": "3/10/2000"
 },
 {
   "film": "Femme Fatale",
   "revenue": "16,838,910.00",
   "budget": 35000000,
   "language": "en",
   "popularity": 10.198,
   "runtime": 114,
   "vote_average": 6.2,
   "vote_count": 304,
   "id": 9280,
   "director": "Brian De Palma",
   "tagline": "Nothing is more desirable or more deadly than a woman with a secret.",
   "genres": "[{'id': 53, 'name': 'Thriller'}, {'id': 80, 'name': 'Crime'}, {'id': 10749, 'name': 'Romance'}]",
   "director_id": 1150,
   "release_date": "29/08/2002",
   "Popular_set": "Not popular",
   "genre1": "Thriller",
   "genre2": "Crime",
   "genre3": "Romance",
   "genre4": "",
   "genre5": "",
   "genre6": "",
   "genre7": "",
   "revenue_cat": "Low",
   "budget_cat": "Medium",
   "year_release": 2002,
   "date_formatted": "8/29/2002"
 },
 {
   "film": "The Black Dahlia",
   "revenue": "49,111,202.00",
   "budget": 50000000,
   "language": "en",
   "popularity": 10.368,
   "runtime": 121,
   "vote_average": 5.7,
   "vote_count": 646,
   "id": 9676,
   "director": "Brian De Palma",
   "tagline": "Inspired by the most notorious unsolved murder in California history.",
   "genres": "[{'id': 18, 'name': 'Drama'}, {'id': 80, 'name': 'Crime'}]",
   "director_id": 1150,
   "release_date": "15/09/2006",
   "Popular_set": "Not popular",
   "genre1": "Drama",
   "genre2": "Crime",
   "genre3": "",
   "genre4": "",
   "genre5": "",
   "genre6": "",
   "genre7": "",
   "revenue_cat": "Low",
   "budget_cat": "Medium",
   "year_release": 2006,
   "date_formatted": "9/15/2006"
 },
 {
   "film": "Redacted",
   "revenue": "782,102.00",
   "budget": 5000000,
   "language": "en",
   "popularity": 6.949,
   "runtime": 90,
   "vote_average": 6.3,
   "vote_count": 88,
   "id": 11600,
   "director": "Brian De Palma",
   "tagline": "Truth is the first casualty of war",
   "genres": "[{'id': 18, 'name': 'Drama'}, {'id': 10752, 'name': 'War'}]",
   "director_id": 1150,
   "release_date": "01/01/2007",
   "Popular_set": "Not popular",
   "genre1": "Drama",
   "genre2": "War",
   "genre3": "",
   "genre4": "",
   "genre5": "",
   "genre6": "",
   "genre7": "",
   "revenue_cat": "Low",
   "budget_cat": "Low",
   "year_release": 2007,
   "date_formatted": "1/1/2007"
 },
 {
   "film": "Passion",
   "revenue": "713,616.00",
   "budget": 20000000,
   "language": "en",
   "popularity": 7.672,
   "runtime": 100,
   "vote_average": 5.3,
   "vote_count": 248,
   "id": 109099,
   "director": "Brian De Palma",
   "tagline": "No backstabbing. Just business",
   "genres": "[{'id': 53, 'name': 'Thriller'}, {'id': 18, 'name': 'Drama'}, {'id': 80, 'name': 'Crime'}, {'id': 9648, 'name': 'Mystery'}]",
   "director_id": 1150,
   "release_date": "07/09/2012",
   "Popular_set": "Not popular",
   "genre1": "Thriller",
   "genre2": "Drama",
   "genre3": "Crime",
   "genre4": "Mistery",
   "genre5": "",
   "genre6": "",
   "genre7": "",
   "revenue_cat": "Low",
   "budget_cat": "Medium",
   "year_release": 2012,
   "date_formatted": "9/7/2012"
 },
 {
   "film": "Domino",
   "revenue": "0",
   "budget": 7800000,
   "language": "en",
   "popularity": 9.663,
   "runtime": 89,
   "vote_average": 4.7,
   "vote_count": 116,
   "id": 455957,
   "director": "Brian De Palma",
   "tagline": "",
   "genres": "[{'id': 53, 'name': 'Thriller'}]",
   "director_id": 1150,
   "release_date": "31/05/2019",
   "Popular_set": "Not popular",
   "genre1": "Thriller",
   "genre2": "",
   "genre3": "",
   "genre4": "",
   "genre5": "",
   "genre6": "",
   "genre7": "",
   "revenue_cat": "Not reported",
   "budget_cat": "Low",
   "year_release": 2019,
   "date_formatted": "5/31/2019"
 },
 {
   "film": "Bananas",
   "revenue": "11,833,696.00",
   "budget": 2000000,
   "language": "en",
   "popularity": 9.232,
   "runtime": 82,
   "vote_average": 6.8,
   "vote_count": 396,
   "id": 11302,
   "director": "Woody Allen",
   "tagline": "",
   "genres": "[{'id': 35, 'name': 'Comedy'}]",
   "director_id": 1243,
   "release_date": "28/04/1971",
   "Popular_set": "Popular",
   "genre1": "Comedy",
   "genre2": "",
   "genre3": "",
   "genre4": "",
   "genre5": "",
   "genre6": "",
   "genre7": "",
   "revenue_cat": "Low",
   "budget_cat": "Low",
   "year_release": 1971,
   "date_formatted": "4/28/1971"
 },
 {
   "film": "Everything You Always Wanted to Know About Sex *But Were Afraid to Ask",
   "revenue": "18,016,290.00",
   "budget": 2000000,
   "language": "en",
   "popularity": 8.973,
   "runtime": 88,
   "vote_average": 6.6,
   "vote_count": 533,
   "id": 11624,
   "director": "Woody Allen",
   "tagline": "You haven't seen anything until you've seen everything",
   "genres": "[{'id': 35, 'name': 'Comedy'}]",
   "director_id": 1243,
   "release_date": "06/08/1972",
   "Popular_set": "Popular",
   "genre1": "Comedy",
   "genre2": "",
   "genre3": "",
   "genre4": "",
   "genre5": "",
   "genre6": "",
   "genre7": "",
   "revenue_cat": "Low",
   "budget_cat": "Low",
   "year_release": 1972,
   "date_formatted": "8/6/1972"
 },
 {
   "film": "Sleeper",
   "revenue": "18,344,729.00",
   "budget": 2000000,
   "language": "en",
   "popularity": 10.372,
   "runtime": 87,
   "vote_average": 7,
   "vote_count": 467,
   "id": 11561,
   "director": "Woody Allen",
   "tagline": "Woody Allen takes a nostalgic look at the future.",
   "genres": "[{'id': 35, 'name': 'Comedy'}, {'id': 10749, 'name': 'Romance'}, {'id': 878, 'name': 'Science Fiction'}]",
   "director_id": 1243,
   "release_date": "17/12/1973",
   "Popular_set": "Popular",
   "genre1": "Comedy",
   "genre2": "Science Fiction",
   "genre3": "Romance",
   "genre4": "",
   "genre5": "",
   "genre6": "",
   "genre7": "",
   "revenue_cat": "Low",
   "budget_cat": "Low",
   "year_release": 1973,
   "date_formatted": "12/17/1973"
 },
 {
   "film": "Love and Death",
   "revenue": "20,173,742.00",
   "budget": 3000000,
   "language": "en",
   "popularity": 10.082,
   "runtime": 85,
   "vote_average": 7.7,
   "vote_count": 481,
   "id": 11686,
   "director": "Woody Allen",
   "tagline": "",
   "genres": "[{'id': 36, 'name': 'History'}, {'id': 35, 'name': 'Comedy'}]",
   "director_id": 1243,
   "release_date": "10/06/1975",
   "Popular_set": "Popular",
   "genre1": "Comedy",
   "genre2": "History",
   "genre3": "",
   "genre4": "",
   "genre5": "",
   "genre6": "",
   "genre7": "",
   "revenue_cat": "Low",
   "budget_cat": "Low",
   "year_release": 1975,
   "date_formatted": "6/10/1975"
 },
 {
   "film": "Annie Hall",
   "revenue": "38,251,425.00",
   "budget": 4000000,
   "language": "en",
   "popularity": 13.279,
   "runtime": 93,
   "vote_average": 7.8,
   "vote_count": 2484,
   "id": 703,
   "director": "Woody Allen",
   "tagline": "A nervous romance.",
   "genres": "[{'id': 35, 'name': 'Comedy'}, {'id': 18, 'name': 'Drama'}, {'id': 10749, 'name': 'Romance'}]",
   "director_id": 1243,
   "release_date": "19/04/1977",
   "Popular_set": "Popular",
   "genre1": "Comedy",
   "genre2": "Drama",
   "genre3": "Romance",
   "genre4": "",
   "genre5": "",
   "genre6": "",
   "genre7": "",
   "revenue_cat": "Low",
   "budget_cat": "Low",
   "year_release": 1977,
   "date_formatted": "4/19/1977"
 },
 {
   "film": "Interiors",
   "revenue": "10,400,000.00",
   "budget": 10000000,
   "language": "en",
   "popularity": 8.46,
   "runtime": 93,
   "vote_average": 6.9,
   "vote_count": 190,
   "id": 15867,
   "director": "Woody Allen",
   "tagline": "",
   "genres": "[{'id': 18, 'name': 'Drama'}]",
   "director_id": 1243,
   "release_date": "02/08/1978",
   "Popular_set": "Popular",
   "genre1": "Drama",
   "genre2": "",
   "genre3": "",
   "genre4": "",
   "genre5": "",
   "genre6": "",
   "genre7": "",
   "revenue_cat": "Low",
   "budget_cat": "Low",
   "year_release": 1978,
   "date_formatted": "8/2/1978"
 },
 {
   "film": "Manhattan",
   "revenue": "39,946,780.00",
   "budget": 0,
   "language": "en",
   "popularity": 9.636,
   "runtime": 96,
   "vote_average": 7.9,
   "vote_count": 1453,
   "id": 696,
   "director": "Woody Allen",
   "tagline": "",
   "genres": "[{'id': 35, 'name': 'Comedy'}, {'id': 18, 'name': 'Drama'}, {'id': 10749, 'name': 'Romance'}]",
   "director_id": 1243,
   "release_date": "25/04/1979",
   "Popular_set": "Popular",
   "genre1": "Comedy",
   "genre2": "Drama",
   "genre3": "Romance",
   "genre4": "",
   "genre5": "",
   "genre6": "",
   "genre7": "",
   "revenue_cat": "Low",
   "budget_cat": "Not reported",
   "year_release": 1979,
   "date_formatted": "4/25/1979"
 },
 {
   "film": "Stardust Memories",
   "revenue": "10,389,003.00",
   "budget": 10000000,
   "language": "en",
   "popularity": 8.077,
   "runtime": 89,
   "vote_average": 7.1,
   "vote_count": 224,
   "id": 11337,
   "director": "Woody Allen",
   "tagline": "",
   "genres": "[{'id': 35, 'name': 'Comedy'}, {'id': 18, 'name': 'Drama'}, {'id': 10749, 'name': 'Romance'}]",
   "director_id": 1243,
   "release_date": "26/09/1980",
   "Popular_set": "Not popular",
   "genre1": "Comedy",
   "genre2": "Drama",
   "genre3": "Romance",
   "genre4": "",
   "genre5": "",
   "genre6": "",
   "genre7": "",
   "revenue_cat": "Low",
   "budget_cat": "Low",
   "year_release": 1980,
   "date_formatted": "9/26/1980"
 },
 {
   "film": "A Midsummer Night's Sex Comedy",
   "revenue": "0",
   "budget": 0,
   "language": "en",
   "popularity": 7.91,
   "runtime": 88,
   "vote_average": 6.5,
   "vote_count": 210,
   "id": 8288,
   "director": "Woody Allen",
   "tagline": "",
   "genres": "[{'id': 35, 'name': 'Comedy'}, {'id': 10749, 'name': 'Romance'}]",
   "director_id": 1243,
   "release_date": "16/07/1982",
   "Popular_set": "Not popular",
   "genre1": "Comedy",
   "genre2": "Romance",
   "genre3": "",
   "genre4": "",
   "genre5": "",
   "genre6": "",
   "genre7": "",
   "revenue_cat": "Not reported",
   "budget_cat": "Not reported",
   "year_release": 1982,
   "date_formatted": "7/16/1982"
 },
 {
   "film": "Zelig",
   "revenue": "11,798,616.00",
   "budget": 0,
   "language": "en",
   "popularity": 10.33,
   "runtime": 79,
   "vote_average": 7.5,
   "vote_count": 501,
   "id": 11030,
   "director": "Woody Allen",
   "tagline": "You wanted more when it was all over!",
   "genres": "[{'id': 35, 'name': 'Comedy'}]",
   "director_id": 1243,
   "release_date": "15/07/1983",
   "Popular_set": "Popular",
   "genre1": "Comedy",
   "genre2": "",
   "genre3": "",
   "genre4": "",
   "genre5": "",
   "genre6": "",
   "genre7": "",
   "revenue_cat": "Low",
   "budget_cat": "Not reported",
   "year_release": 1983,
   "date_formatted": "7/15/1983"
 },
 {
   "film": "Broadway Danny Rose",
   "revenue": "10,600,497.00",
   "budget": 8000000,
   "language": "en",
   "popularity": 8.705,
   "runtime": 84,
   "vote_average": 7.3,
   "vote_count": 248,
   "id": 12762,
   "director": "Woody Allen",
   "tagline": "",
   "genres": "[{'id': 35, 'name': 'Comedy'}]",
   "director_id": 1243,
   "release_date": "27/01/1984",
   "Popular_set": "Not popular",
   "genre1": "Comedy",
   "genre2": "",
   "genre3": "",
   "genre4": "",
   "genre5": "",
   "genre6": "",
   "genre7": "",
   "revenue_cat": "Low",
   "budget_cat": "Low",
   "year_release": 1984,
   "date_formatted": "1/27/1984"
 },
 {
   "film": "The Purple Rose of Cairo",
   "revenue": "10,631,333.00",
   "budget": 15000000,
   "language": "en",
   "popularity": 8.472,
   "runtime": 82,
   "vote_average": 7.5,
   "vote_count": 565,
   "id": 10849,
   "director": "Woody Allen",
   "tagline": "",
   "genres": "[{'id': 14, 'name': 'Fantasy'}, {'id': 35, 'name': 'Comedy'}, {'id': 10749, 'name': 'Romance'}]",
   "director_id": 1243,
   "release_date": "01/03/1985",
   "Popular_set": "Not popular",
   "genre1": "Fantasy",
   "genre2": "Comedy",
   "genre3": "Romance",
   "genre4": "",
   "genre5": "",
   "genre6": "",
   "genre7": "",
   "revenue_cat": "Low",
   "budget_cat": "Low",
   "year_release": 1985,
   "date_formatted": "3/1/1985"
 },
 {
   "film": "Hannah and Her Sisters",
   "revenue": "40,084,041.00",
   "budget": 6400000,
   "language": "en",
   "popularity": 10.186,
   "runtime": 107,
   "vote_average": 7.6,
   "vote_count": 549,
   "id": 5143,
   "director": "Woody Allen",
   "tagline": "",
   "genres": "[{'id': 35, 'name': 'Comedy'}, {'id': 18, 'name': 'Drama'}]",
   "director_id": 1243,
   "release_date": "07/02/1986",
   "Popular_set": "Popular",
   "genre1": "Comedy",
   "genre2": "Drama",
   "genre3": "",
   "genre4": "",
   "genre5": "",
   "genre6": "",
   "genre7": "",
   "revenue_cat": "Low",
   "budget_cat": "Low",
   "year_release": 1986,
   "date_formatted": "2/7/1986"
 },
 {
   "film": "Radio Days",
   "revenue": "0",
   "budget": 16000000,
   "language": "en",
   "popularity": 9.17,
   "runtime": 90,
   "vote_average": 7.2,
   "vote_count": 295,
   "id": 30890,
   "director": "Woody Allen",
   "tagline": "",
   "genres": "[{'id': 35, 'name': 'Comedy'}, {'id': 18, 'name': 'Drama'}, {'id': 10402, 'name': 'Music'}]",
   "director_id": 1243,
   "release_date": "30/01/1987",
   "Popular_set": "Popular",
   "genre1": "Comedy",
   "genre2": "Drama",
   "genre3": "Music",
   "genre4": "",
   "genre5": "",
   "genre6": "",
   "genre7": "",
   "revenue_cat": "Not reported",
   "budget_cat": "Low",
   "year_release": 1987,
   "date_formatted": "1/30/1987"
 },
 {
   "film": "September",
   "revenue": "0",
   "budget": 0,
   "language": "en",
   "popularity": 5.947,
   "runtime": 82,
   "vote_average": 6.4,
   "vote_count": 86,
   "id": 22477,
   "director": "Woody Allen",
   "tagline": "",
   "genres": "[{'id': 18, 'name': 'Drama'}]",
   "director_id": 1243,
   "release_date": "18/12/1987",
   "Popular_set": "Not popular",
   "genre1": "Drama",
   "genre2": "",
   "genre3": "",
   "genre4": "",
   "genre5": "",
   "genre6": "",
   "genre7": "",
   "revenue_cat": "Not reported",
   "budget_cat": "Not reported",
   "year_release": 1987,
   "date_formatted": "12/18/1987"
 },
 {
   "film": "Another Woman",
   "revenue": "0",
   "budget": 0,
   "language": "en",
   "popularity": 7.553,
   "runtime": 84,
   "vote_average": 7,
   "vote_count": 120,
   "id": 22478,
   "director": "Woody Allen",
   "tagline": "",
   "genres": "[{'id': 18, 'name': 'Drama'}]",
   "director_id": 1243,
   "release_date": "13/10/1988",
   "Popular_set": "Not popular",
   "genre1": "Drama",
   "genre2": "",
   "genre3": "",
   "genre4": "",
   "genre5": "",
   "genre6": "",
   "genre7": "",
   "revenue_cat": "Not reported",
   "budget_cat": "Not reported",
   "year_release": 1988,
   "date_formatted": "10/13/1988"
 },
 {
   "film": "New York Stories",
   "revenue": "0",
   "budget": 15000000,
   "language": "en",
   "popularity": 7.761,
   "runtime": 124,
   "vote_average": 6.4,
   "vote_count": 191,
   "id": 9686,
   "director": "Woody Allen",
   "tagline": "One city, three stories tall",
   "genres": "[{'id': 35, 'name': 'Comedy'}, {'id': 18, 'name': 'Drama'}, {'id': 10749, 'name': 'Romance'}]",
   "director_id": 1243,
   "release_date": "10/03/1989",
   "Popular_set": "Not popular",
   "genre1": "Comedy",
   "genre2": "Drama",
   "genre3": "Romance",
   "genre4": "",
   "genre5": "",
   "genre6": "",
   "genre7": "",
   "revenue_cat": "Not reported",
   "budget_cat": "Low",
   "year_release": 1989,
   "date_formatted": "3/10/1989"
 },
 {
   "film": "Crimes and Misdemeanors",
   "revenue": "18,254,702.00",
   "budget": 19000000,
   "language": "en",
   "popularity": 9.537,
   "runtime": 104,
   "vote_average": 7.6,
   "vote_count": 492,
   "id": 11562,
   "director": "Woody Allen",
   "tagline": "A film about humanity.",
   "genres": "[{'id': 35, 'name': 'Comedy'}, {'id': 18, 'name': 'Drama'}]",
   "director_id": 1243,
   "release_date": "13/10/1989",
   "Popular_set": "Not popular",
   "genre1": "Comedy",
   "genre2": "Drama",
   "genre3": "",
   "genre4": "",
   "genre5": "",
   "genre6": "",
   "genre7": "",
   "revenue_cat": "Low",
   "budget_cat": "Low",
   "year_release": 1989,
   "date_formatted": "10/13/1989"
 },
 {
   "film": "Alice",
   "revenue": "0",
   "budget": 0,
   "language": "en",
   "popularity": 9.221,
   "runtime": 102,
   "vote_average": 6.4,
   "vote_count": 170,
   "id": 8217,
   "director": "Woody Allen",
   "tagline": "",
   "genres": "[{'id': 35, 'name': 'Comedy'}, {'id': 18, 'name': 'Drama'}, {'id': 10749, 'name': 'Romance'}]",
   "director_id": 1243,
   "release_date": "25/12/1990",
   "Popular_set": "Not popular",
   "genre1": "Comedy",
   "genre2": "Drama",
   "genre3": "Romance",
   "genre4": "",
   "genre5": "",
   "genre6": "",
   "genre7": "",
   "revenue_cat": "Not reported",
   "budget_cat": "Not reported",
   "year_release": 1990,
   "date_formatted": "12/25/1990"
 },
 {
   "film": "Shadows and Fog",
   "revenue": "2,735,731.00",
   "budget": 14000000,
   "language": "en",
   "popularity": 8.494,
   "runtime": 85,
   "vote_average": 6.9,
   "vote_count": 197,
   "id": 19200,
   "director": "Woody Allen",
   "tagline": "",
   "genres": "[{'id': 53, 'name': 'Thriller'}, {'id': 35, 'name': 'Comedy'}]",
   "director_id": 1243,
   "release_date": "05/12/1991",
   "Popular_set": "Not popular",
   "genre1": "Thriller",
   "genre2": "Comedy",
   "genre3": "",
   "genre4": "",
   "genre5": "",
   "genre6": "",
   "genre7": "",
   "revenue_cat": "Low",
   "budget_cat": "Low",
   "year_release": 1991,
   "date_formatted": "12/5/1991"
 },
 {
   "film": "Husbands and Wives",
   "revenue": "0",
   "budget": 0,
   "language": "en",
   "popularity": 8.387,
   "runtime": 108,
   "vote_average": 7.1,
   "vote_count": 215,
   "id": 28384,
   "director": "Woody Allen",
   "tagline": "",
   "genres": "[{'id': 10749, 'name': 'Romance'}, {'id': 35, 'name': 'Comedy'}, {'id': 18, 'name': 'Drama'}]",
   "director_id": 1243,
   "release_date": "18/09/1992",
   "Popular_set": "Not popular",
   "genre1": "Romance",
   "genre2": "Comedy",
   "genre3": "Drama",
   "genre4": "",
   "genre5": "",
   "genre6": "",
   "genre7": "",
   "revenue_cat": "Not reported",
   "budget_cat": "Not reported",
   "year_release": 1992,
   "date_formatted": "9/18/1992"
 },
 {
   "film": "Manhattan Murder Mystery",
   "revenue": "11,285,588.00",
   "budget": 13500000,
   "language": "en",
   "popularity": 11.596,
   "runtime": 104,
   "vote_average": 7.3,
   "vote_count": 574,
   "id": 10440,
   "director": "Woody Allen",
   "tagline": "Keaton & Allen reunited for fun flick!",
   "genres": "[{'id': 35, 'name': 'Comedy'}, {'id': 9648, 'name': 'Mystery'}]",
   "director_id": 1243,
   "release_date": "02/05/1993",
   "Popular_set": "Not popular",
   "genre1": "Comedy",
   "genre2": "Mistery",
   "genre3": "",
   "genre4": "",
   "genre5": "",
   "genre6": "",
   "genre7": "",
   "revenue_cat": "Low",
   "budget_cat": "Low",
   "year_release": 1993,
   "date_formatted": "5/2/1993"
 },
 {
   "film": "Bullets Over Broadway",
   "revenue": "0",
   "budget": 0,
   "language": "en",
   "popularity": 9.96,
   "runtime": 98,
   "vote_average": 7.2,
   "vote_count": 294,
   "id": 11382,
   "director": "Woody Allen",
   "tagline": "",
   "genres": "[{'id': 28, 'name': 'Action'}, {'id': 35, 'name': 'Comedy'}, {'id': 53, 'name': 'Thriller'}]",
   "director_id": 1243,
   "release_date": "14/10/1994",
   "Popular_set": "Not popular",
   "genre1": "Action",
   "genre2": "Comedy",
   "genre3": "Thriller",
   "genre4": "",
   "genre5": "",
   "genre6": "",
   "genre7": "",
   "revenue_cat": "Not reported",
   "budget_cat": "Not reported",
   "year_release": 1994,
   "date_formatted": "10/14/1994"
 },
 {
   "film": "Don't Drink the Water",
   "revenue": "0",
   "budget": 0,
   "language": "en",
   "popularity": 4.602,
   "runtime": 90,
   "vote_average": 5.4,
   "vote_count": 32,
   "id": 10462,
   "director": "Woody Allen",
   "tagline": "",
   "genres": "[{'id': 35, 'name': 'Comedy'}, {'id': 10770, 'name': 'TV Movie'}]",
   "director_id": 1243,
   "release_date": "18/12/1994",
   "Popular_set": "Not popular",
   "genre1": "Comedy",
   "genre2": "TV Movie",
   "genre3": "",
   "genre4": "",
   "genre5": "",
   "genre6": "",
   "genre7": "",
   "revenue_cat": "Not reported",
   "budget_cat": "Not reported",
   "year_release": 1994,
   "date_formatted": "12/18/1994"
 },
 {
   "film": "Mighty Aphrodite",
   "revenue": "6,700,000.00",
   "budget": 15000000,
   "language": "en",
   "popularity": 9.191,
   "runtime": 95,
   "vote_average": 6.8,
   "vote_count": 331,
   "id": 11448,
   "director": "Woody Allen",
   "tagline": "",
   "genres": "[{'id': 35, 'name': 'Comedy'}, {'id': 10749, 'name': 'Romance'}]",
   "director_id": 1243,
   "release_date": "13/09/1995",
   "Popular_set": "Not popular",
   "genre1": "Comedy",
   "genre2": "Romance",
   "genre3": "",
   "genre4": "",
   "genre5": "",
   "genre6": "",
   "genre7": "",
   "revenue_cat": "Low",
   "budget_cat": "Low",
   "year_release": 1995,
   "date_formatted": "9/13/1995"
 },
 {
   "film": "Everyone Says I Love You",
   "revenue": "0",
   "budget": 20000000,
   "language": "en",
   "popularity": 9.744,
   "runtime": 101,
   "vote_average": 6.5,
   "vote_count": 349,
   "id": 9716,
   "director": "Woody Allen",
   "tagline": "",
   "genres": "[{'id': 35, 'name': 'Comedy'}, {'id': 10749, 'name': 'Romance'}]",
   "director_id": 1243,
   "release_date": "06/12/1996",
   "Popular_set": "Not popular",
   "genre1": "Comedy",
   "genre2": "Romance",
   "genre3": "",
   "genre4": "",
   "genre5": "",
   "genre6": "",
   "genre7": "",
   "revenue_cat": "Not reported",
   "budget_cat": "Medium",
   "year_release": 1996,
   "date_formatted": "12/6/1996"
 },
 {
   "film": "Deconstructing Harry",
   "revenue": "10,686,841.00",
   "budget": 20000000,
   "language": "en",
   "popularity": 9.244,
   "runtime": 96,
   "vote_average": 7.4,
   "vote_count": 434,
   "id": 2639,
   "director": "Woody Allen",
   "tagline": "Harry Block has written a best seller â€¦ about his best friends â€¦ he revealed their deepest secrets â€¦ and theyâ€™re not pleased â€¦ now Harry Block is going to Hell â€¦",
   "genres": "[{'id': 35, 'name': 'Comedy'}, {'id': 18, 'name': 'Drama'}]",
   "director_id": 1243,
   "release_date": "12/12/1997",
   "Popular_set": "Not popular",
   "genre1": "Comedy",
   "genre2": "Drama",
   "genre3": "",
   "genre4": "",
   "genre5": "",
   "genre6": "",
   "genre7": "",
   "revenue_cat": "Low",
   "budget_cat": "Medium",
   "year_release": 1997,
   "date_formatted": "12/12/1997"
 },
 {
   "film": "Celebrity",
   "revenue": "0",
   "budget": 0,
   "language": "en",
   "popularity": 9.878,
   "runtime": 113,
   "vote_average": 6,
   "vote_count": 243,
   "id": 9466,
   "director": "Woody Allen",
   "tagline": "A funny look at people who will do anything to get famous... or stay famous.",
   "genres": "[{'id': 18, 'name': 'Drama'}, {'id': 35, 'name': 'Comedy'}]",
   "director_id": 1243,
   "release_date": "07/09/1998",
   "Popular_set": "Not popular",
   "genre1": "Drama",
   "genre2": "Comedy",
   "genre3": "",
   "genre4": "",
   "genre5": "",
   "genre6": "",
   "genre7": "",
   "revenue_cat": "Not reported",
   "budget_cat": "Not reported",
   "year_release": 1998,
   "date_formatted": "9/7/1998"
 },
 {
   "film": "Sweet and Lowdown",
   "revenue": "0",
   "budget": 0,
   "language": "en",
   "popularity": 8.511,
   "runtime": 95,
   "vote_average": 6.9,
   "vote_count": 258,
   "id": 9684,
   "director": "Woody Allen",
   "tagline": "",
   "genres": "[{'id': 35, 'name': 'Comedy'}, {'id': 18, 'name': 'Drama'}, {'id': 10402, 'name': 'Music'}]",
   "director_id": 1243,
   "release_date": "03/12/1999",
   "Popular_set": "Not popular",
   "genre1": "Comedy",
   "genre2": "Drama",
   "genre3": "Music",
   "genre4": "",
   "genre5": "",
   "genre6": "",
   "genre7": "",
   "revenue_cat": "Not reported",
   "budget_cat": "Not reported",
   "year_release": 1999,
   "date_formatted": "12/3/1999"
 },
 {
   "film": "Small Time Crooks",
   "revenue": "0",
   "budget": 0,
   "language": "en",
   "popularity": 9.445,
   "runtime": 94,
   "vote_average": 6.5,
   "vote_count": 343,
   "id": 10569,
   "director": "Woody Allen",
   "tagline": "They took a bite out of crime",
   "genres": "[{'id': 28, 'name': 'Action'}, {'id': 35, 'name': 'Comedy'}, {'id': 80, 'name': 'Crime'}]",
   "director_id": 1243,
   "release_date": "19/05/2000",
   "Popular_set": "Not popular",
   "genre1": "Action",
   "genre2": "Comedy",
   "genre3": "Crime",
   "genre4": "",
   "genre5": "",
   "genre6": "",
   "genre7": "",
   "revenue_cat": "Not reported",
   "budget_cat": "Not reported",
   "year_release": 2000,
   "date_formatted": "5/19/2000"
 },
 {
   "film": "The Curse of the Jade Scorpion",
   "revenue": "0",
   "budget": 0,
   "language": "en",
   "popularity": 10.259,
   "runtime": 103,
   "vote_average": 6.5,
   "vote_count": 445,
   "id": 2779,
   "director": "Woody Allen",
   "tagline": "Love stings",
   "genres": "[{'id': 35, 'name': 'Comedy'}, {'id': 80, 'name': 'Crime'}, {'id': 10749, 'name': 'Romance'}]",
   "director_id": 1243,
   "release_date": "05/08/2001",
   "Popular_set": "Not popular",
   "genre1": "Comedy",
   "genre2": "Crime",
   "genre3": "Romance",
   "genre4": "",
   "genre5": "",
   "genre6": "",
   "genre7": "",
   "revenue_cat": "Not reported",
   "budget_cat": "Not reported",
   "year_release": 2001,
   "date_formatted": "8/5/2001"
 },
 {
   "film": "Hollywood Ending",
   "revenue": "0",
   "budget": 16000000,
   "language": "en",
   "popularity": 9.208,
   "runtime": 112,
   "vote_average": 6.6,
   "vote_count": 270,
   "id": 9689,
   "director": "Woody Allen",
   "tagline": "It's going to be a shot in the dark!",
   "genres": "[{'id': 35, 'name': 'Comedy'}, {'id': 18, 'name': 'Drama'}]",
   "director_id": 1243,
   "release_date": "03/05/2002",
   "Popular_set": "Not popular",
   "genre1": "Comedy",
   "genre2": "Drama",
   "genre3": "",
   "genre4": "",
   "genre5": "",
   "genre6": "",
   "genre7": "",
   "revenue_cat": "Not reported",
   "budget_cat": "Low",
   "year_release": 2002,
   "date_formatted": "5/3/2002"
 },
 {
   "film": "Anything Else",
   "revenue": "0",
   "budget": 0,
   "language": "en",
   "popularity": 9.544,
   "runtime": 108,
   "vote_average": 6.1,
   "vote_count": 344,
   "id": 10739,
   "director": "Woody Allen",
   "tagline": "In any relationship one person always does the heavy lifting.",
   "genres": "[{'id': 35, 'name': 'Comedy'}, {'id': 10749, 'name': 'Romance'}]",
   "director_id": 1243,
   "release_date": "27/08/2003",
   "Popular_set": "Not popular",
   "genre1": "Comedy",
   "genre2": "Romance",
   "genre3": "",
   "genre4": "",
   "genre5": "",
   "genre6": "",
   "genre7": "",
   "revenue_cat": "Not reported",
   "budget_cat": "Not reported",
   "year_release": 2003,
   "date_formatted": "8/27/2003"
 },
 {
   "film": "Melinda and Melinda",
   "revenue": "20,085,825.00",
   "budget": 0,
   "language": "en",
   "popularity": 8.619,
   "runtime": 100,
   "vote_average": 6.3,
   "vote_count": 263,
   "id": 9688,
   "director": "Woody Allen",
   "tagline": "Life can be a comedy or a tragedy, it all depends on how you look at it.",
   "genres": "[{'id': 35, 'name': 'Comedy'}, {'id': 18, 'name': 'Drama'}, {'id': 10749, 'name': 'Romance'}]",
   "director_id": 1243,
   "release_date": "29/10/2004",
   "Popular_set": "Not popular",
   "genre1": "Comedy",
   "genre2": "Drama",
   "genre3": "Romance",
   "genre4": "",
   "genre5": "",
   "genre6": "",
   "genre7": "",
   "revenue_cat": "Low",
   "budget_cat": "Not reported",
   "year_release": 2004,
   "date_formatted": "10/29/2004"
 },
 {
   "film": "Match Point",
   "revenue": "85,306,374.00",
   "budget": 15000000,
   "language": "en",
   "popularity": 12.946,
   "runtime": 124,
   "vote_average": 7.4,
   "vote_count": 2654,
   "id": 116,
   "director": "Woody Allen",
   "tagline": "Passion Temptation Obsession",
   "genres": "[{'id': 18, 'name': 'Drama'}, {'id': 53, 'name': 'Thriller'}, {'id': 80, 'name': 'Crime'}, {'id': 10749, 'name': 'Romance'}]",
   "director_id": 1243,
   "release_date": "26/10/2005",
   "Popular_set": "Popular",
   "genre1": "Drama",
   "genre2": "Thriller",
   "genre3": "Crime",
   "genre4": "Romance",
   "genre5": "",
   "genre6": "",
   "genre7": "",
   "revenue_cat": "Low",
   "budget_cat": "Low",
   "year_release": 2005,
   "date_formatted": "10/26/2005"
 },
 {
   "film": "Scoop",
   "revenue": "31,584,901.00",
   "budget": 4000000,
   "language": "en",
   "popularity": 11.561,
   "runtime": 96,
   "vote_average": 6.6,
   "vote_count": 975,
   "id": 512,
   "director": "Woody Allen",
   "tagline": "The perfect man. The perfect story. The perfect murder.",
   "genres": "[{'id': 35, 'name': 'Comedy'}, {'id': 9648, 'name': 'Mystery'}]",
   "director_id": 1243,
   "release_date": "27/07/2006",
   "Popular_set": "Not popular",
   "genre1": "Comedy",
   "genre2": "Mistery",
   "genre3": "",
   "genre4": "",
   "genre5": "",
   "genre6": "",
   "genre7": "",
   "revenue_cat": "Low",
   "budget_cat": "Low",
   "year_release": 2006,
   "date_formatted": "7/27/2006"
 },
 {
   "film": "Cassandra's Dream",
   "revenue": "0",
   "budget": 0,
   "language": "en",
   "popularity": 9.946,
   "runtime": 108,
   "vote_average": 6.2,
   "vote_count": 467,
   "id": 4787,
   "director": "Woody Allen",
   "tagline": "Family is family. Blood is blood.",
   "genres": "[{'id': 80, 'name': 'Crime'}, {'id': 18, 'name': 'Drama'}, {'id': 53, 'name': 'Thriller'}, {'id': 35, 'name': 'Comedy'}, {'id': 9648, 'name': 'Mystery'}]",
   "director_id": 1243,
   "release_date": "18/06/2007",
   "Popular_set": "Not popular",
   "genre1": "Crime",
   "genre2": "Drama",
   "genre3": "Thriller",
   "genre4": "Comedy",
   "genre5": "Mistery",
   "genre6": "",
   "genre7": "",
   "revenue_cat": "Not reported",
   "budget_cat": "Not reported",
   "year_release": 2007,
   "date_formatted": "6/18/2007"
 },
 {
   "film": "Vicky Cristina Barcelona",
   "revenue": "96,408,652.00",
   "budget": 15000000,
   "language": "en",
   "popularity": 15.12,
   "runtime": 96,
   "vote_average": 6.8,
   "vote_count": 2452,
   "id": 5038,
   "director": "Woody Allen",
   "tagline": "Life is the ultimate work of art",
   "genres": "[{'id': 18, 'name': 'Drama'}, {'id': 10749, 'name': 'Romance'}]",
   "director_id": 1243,
   "release_date": "15/08/2008",
   "Popular_set": "Not popular",
   "genre1": "Drama",
   "genre2": "Romance",
   "genre3": "",
   "genre4": "",
   "genre5": "",
   "genre6": "",
   "genre7": "",
   "revenue_cat": "Low",
   "budget_cat": "Low",
   "year_release": 2008,
   "date_formatted": "8/15/2008"
 },
 {
   "film": "Whatever Works",
   "revenue": "35,097,815.00",
   "budget": 15000000,
   "language": "en",
   "popularity": 13.262,
   "runtime": 92,
   "vote_average": 7.1,
   "vote_count": 1071,
   "id": 19265,
   "director": "Woody Allen",
   "tagline": "A new comedy",
   "genres": "[{'id': 35, 'name': 'Comedy'}, {'id': 10749, 'name': 'Romance'}]",
   "director_id": 1243,
   "release_date": "19/06/2009",
   "Popular_set": "Not popular",
   "genre1": "Comedy",
   "genre2": "Romance",
   "genre3": "",
   "genre4": "",
   "genre5": "",
   "genre6": "",
   "genre7": "",
   "revenue_cat": "Low",
   "budget_cat": "Low",
   "year_release": 2009,
   "date_formatted": "6/19/2009"
 },
 {
   "film": "You Will Meet a Tall Dark Stranger",
   "revenue": "0",
   "budget": 22000000,
   "language": "en",
   "popularity": 11.51,
   "runtime": 98,
   "vote_average": 5.9,
   "vote_count": 531,
   "id": 38031,
   "director": "Woody Allen",
   "tagline": "",
   "genres": "[{'id': 35, 'name': 'Comedy'}, {'id': 18, 'name': 'Drama'}, {'id': 10749, 'name': 'Romance'}]",
   "director_id": 1243,
   "release_date": "23/05/2010",
   "Popular_set": "Not popular",
   "genre1": "Comedy",
   "genre2": "Drama",
   "genre3": "Romance",
   "genre4": "",
   "genre5": "",
   "genre6": "",
   "genre7": "",
   "revenue_cat": "Not reported",
   "budget_cat": "Medium",
   "year_release": 2010,
   "date_formatted": "5/23/2010"
 },
 {
   "film": "Midnight in Paris",
   "revenue": "151,119,219.00",
   "budget": 30000000,
   "language": "en",
   "popularity": 15.78,
   "runtime": 94,
   "vote_average": 7.5,
   "vote_count": 4846,
   "id": 59436,
   "director": "Woody Allen",
   "tagline": "",
   "genres": "[{'id': 14, 'name': 'Fantasy'}, {'id': 35, 'name': 'Comedy'}, {'id': 10749, 'name': 'Romance'}]",
   "director_id": 1243,
   "release_date": "11/05/2011",
   "Popular_set": "Not popular",
   "genre1": "Fantasy",
   "genre2": "Comedy",
   "genre3": "Romance",
   "genre4": "",
   "genre5": "",
   "genre6": "",
   "genre7": "",
   "revenue_cat": "Medium",
   "budget_cat": "Medium",
   "year_release": 2011,
   "date_formatted": "5/11/2011"
 },
 {
   "film": "To Rome with Love",
   "revenue": "73,244,881.00",
   "budget": 17000000,
   "language": "en",
   "popularity": 9.738,
   "runtime": 111,
   "vote_average": 5.7,
   "vote_count": 1365,
   "id": 81836,
   "director": "Woody Allen",
   "tagline": "",
   "genres": "[{'id': 10749, 'name': 'Romance'}, {'id': 35, 'name': 'Comedy'}, {'id': 18, 'name': 'Drama'}]",
   "director_id": 1243,
   "release_date": "20/04/2012",
   "Popular_set": "Not popular",
   "genre1": "Romance",
   "genre2": "Comedy",
   "genre3": "Drama",
   "genre4": "",
   "genre5": "",
   "genre6": "",
   "genre7": "",
   "revenue_cat": "Low",
   "budget_cat": "Low",
   "year_release": 2012,
   "date_formatted": "4/20/2012"
 },
 {
   "film": "Blue Jasmine",
   "revenue": "99,206,215.00",
   "budget": 18000000,
   "language": "en",
   "popularity": 25.115,
   "runtime": 98,
   "vote_average": 7,
   "vote_count": 2411,
   "id": 160588,
   "director": "Woody Allen",
   "tagline": "Blue Moon. I used to know the words. Now theyâ€™re all a jumble.",
   "genres": "[{'id': 35, 'name': 'Comedy'}, {'id': 18, 'name': 'Drama'}]",
   "director_id": 1243,
   "release_date": "25/07/2013",
   "Popular_set": "Not popular",
   "genre1": "Comedy",
   "genre2": "Drama",
   "genre3": "",
   "genre4": "",
   "genre5": "",
   "genre6": "",
   "genre7": "",
   "revenue_cat": "Low",
   "budget_cat": "Low",
   "year_release": 2013,
   "date_formatted": "7/25/2013"
 },
 {
   "film": "Magic in the Moonlight",
   "revenue": "51,029,361.00",
   "budget": 16800000,
   "language": "en",
   "popularity": 10.65,
   "runtime": 97,
   "vote_average": 6.5,
   "vote_count": 1509,
   "id": 229297,
   "director": "Woody Allen",
   "tagline": "",
   "genres": "[{'id': 35, 'name': 'Comedy'}, {'id': 18, 'name': 'Drama'}, {'id': 10749, 'name': 'Romance'}]",
   "director_id": 1243,
   "release_date": "25/07/2014",
   "Popular_set": "Not popular",
   "genre1": "Comedy",
   "genre2": "Drama",
   "genre3": "Romance",
   "genre4": "",
   "genre5": "",
   "genre6": "",
   "genre7": "",
   "revenue_cat": "Low",
   "budget_cat": "Low",
   "year_release": 2014,
   "date_formatted": "7/25/2014"
 },
 {
   "film": "Irrational Man",
   "revenue": "27,391,084.00",
   "budget": 11000000,
   "language": "en",
   "popularity": 10.612,
   "runtime": 95,
   "vote_average": 6.5,
   "vote_count": 1632,
   "id": 282984,
   "director": "Woody Allen",
   "tagline": "",
   "genres": "[{'id': 18, 'name': 'Drama'}, {'id': 9648, 'name': 'Mystery'}]",
   "director_id": 1243,
   "release_date": "17/07/2015",
   "Popular_set": "Not popular",
   "genre1": "Drama",
   "genre2": "Mistery",
   "genre3": "",
   "genre4": "",
   "genre5": "",
   "genre6": "",
   "genre7": "",
   "revenue_cat": "Low",
   "budget_cat": "Low",
   "year_release": 2015,
   "date_formatted": "7/17/2015"
 },
 {
   "film": "Cafe Society",
   "revenue": "43,763,247.00",
   "budget": 30000000,
   "language": "en",
   "popularity": 10.282,
   "runtime": 97,
   "vote_average": 6.5,
   "vote_count": 1866,
   "id": 339397,
   "director": "Woody Allen",
   "tagline": "Anyone who is anyone will be seen at CafÃ© Society.",
   "genres": "[{'id': 35, 'name': 'Comedy'}, {'id': 18, 'name': 'Drama'}, {'id': 10749, 'name': 'Romance'}]",
   "director_id": 1243,
   "release_date": "11/05/2016",
   "Popular_set": "Not popular",
   "genre1": "Comedy",
   "genre2": "Drama",
   "genre3": "Romance",
   "genre4": "",
   "genre5": "",
   "genre6": "",
   "genre7": "",
   "revenue_cat": "Low",
   "budget_cat": "Medium",
   "year_release": 2016,
   "date_formatted": "5/11/2016"
 },
 {
   "film": "Wonder Wheel",
   "revenue": "15,366,466.00",
   "budget": 25000000,
   "language": "en",
   "popularity": 24.36,
   "runtime": 101,
   "vote_average": 6.4,
   "vote_count": 903,
   "id": 429189,
   "director": "Woody Allen",
   "tagline": "",
   "genres": "[{'id': 18, 'name': 'Drama'}]",
   "director_id": 1243,
   "release_date": "01/12/2017",
   "Popular_set": "Not popular",
   "genre1": "Drama",
   "genre2": "",
   "genre3": "",
   "genre4": "",
   "genre5": "",
   "genre6": "",
   "genre7": "",
   "revenue_cat": "Low",
   "budget_cat": "Medium",
   "year_release": 2017,
   "date_formatted": "12/1/2017"
 },
 {
   "film": "A Rainy Day in New York",
   "revenue": "0",
   "budget": 0,
   "language": "en",
   "popularity": 3.06,
   "runtime": 92,
   "vote_average": 6.5,
   "vote_count": 919,
   "id": 475303,
   "director": "Woody Allen",
   "tagline": "Written And Directed By Woody Allen",
   "genres": "[{'id': 35, 'name': 'Comedy'}, {'id': 10749, 'name': 'Romance'}]",
   "director_id": 1243,
   "release_date": "26/07/2019",
   "Popular_set": "Not popular",
   "genre1": "Comedy",
   "genre2": "Romance",
   "genre3": "",
   "genre4": "",
   "genre5": "",
   "genre6": "",
   "genre7": "",
   "revenue_cat": "Not reported",
   "budget_cat": "Not reported",
   "year_release": 2019,
   "date_formatted": "7/26/2019"
 },
 {
   "film": "The Godfather",
   "revenue": "245,066,411.00",
   "budget": 6000000,
   "language": "en",
   "popularity": 38.997,
   "runtime": 175,
   "vote_average": 8.7,
   "vote_count": 12203,
   "id": 238,
   "director": "Francis Ford Coppola",
   "tagline": "An offer you can't refuse.",
   "genres": "[{'id': 18, 'name': 'Drama'}, {'id': 80, 'name': 'Crime'}]",
   "director_id": 1776,
   "release_date": "14/03/1972",
   "Popular_set": "Popular",
   "genre1": "Crime",
   "genre2": "Drama",
   "genre3": "",
   "genre4": "",
   "genre5": "",
   "genre6": "",
   "genre7": "",
   "revenue_cat": "Medium",
   "budget_cat": "Low",
   "year_release": 1972,
   "date_formatted": "3/14/1972"
 },
 {
   "film": "The Conversation",
   "revenue": "4,420,000.00",
   "budget": 1600000,
   "language": "en",
   "popularity": 12.947,
   "runtime": 113,
   "vote_average": 7.6,
   "vote_count": 827,
   "id": 592,
   "director": "Francis Ford Coppola",
   "tagline": "Harry Caul is an invader of privacy. The best in the business.",
   "genres": "[{'id': 80, 'name': 'Crime'}, {'id': 18, 'name': 'Drama'}, {'id': 9648, 'name': 'Mystery'}]",
   "director_id": 1776,
   "release_date": "07/04/1974",
   "Popular_set": "Popular",
   "genre1": "Crime",
   "genre2": "Drama",
   "genre3": "Mystery",
   "genre4": "",
   "genre5": "",
   "genre6": "",
   "genre7": "",
   "revenue_cat": "Low",
   "budget_cat": "Low",
   "year_release": 1974,
   "date_formatted": "4/7/1974"
 },
 {
   "film": "The Godfather: Part II",
   "revenue": "102,600,000.00",
   "budget": 13000000,
   "language": "en",
   "popularity": 26.223,
   "runtime": 202,
   "vote_average": 8.6,
   "vote_count": 7209,
   "id": 240,
   "director": "Francis Ford Coppola",
   "tagline": "I don't feel I have to wipe everybody out, Tom. Just my enemies.",
   "genres": "[{'id': 18, 'name': 'Drama'}, {'id': 80, 'name': 'Crime'}]",
   "director_id": 1776,
   "release_date": "20/12/1974",
   "Popular_set": "Popular",
   "genre1": "Crime",
   "genre2": "Drama",
   "genre3": "",
   "genre4": "",
   "genre5": "",
   "genre6": "",
   "genre7": "",
   "revenue_cat": "Medium",
   "budget_cat": "Low",
   "year_release": 1974,
   "date_formatted": "12/20/1974"
 },
 {
   "film": "Apocalypse Now",
   "revenue": "150,000,000.00",
   "budget": 31500000,
   "language": "en",
   "popularity": 27.49,
   "runtime": 147,
   "vote_average": 8.3,
   "vote_count": 4871,
   "id": 28,
   "director": "Francis Ford Coppola",
   "tagline": "This is the end...",
   "genres": "[{'id': 18, 'name': 'Drama'}, {'id': 10752, 'name': 'War'}]",
   "director_id": 1776,
   "release_date": "15/08/1979",
   "Popular_set": "Popular",
   "genre1": "Drama",
   "genre2": "War",
   "genre3": "",
   "genre4": "",
   "genre5": "",
   "genre6": "",
   "genre7": "",
   "revenue_cat": "Medium",
   "budget_cat": "Medium",
   "year_release": 1979,
   "date_formatted": "8/15/1979"
 },
 {
   "film": "One from the Heart",
   "revenue": "0",
   "budget": 0,
   "language": "en",
   "popularity": 4.091,
   "runtime": 107,
   "vote_average": 6.4,
   "vote_count": 42,
   "id": 41291,
   "director": "Francis Ford Coppola",
   "tagline": "When Francis Ford Coppola makes a love storyâ€¦ don't expect hearts and flowers.",
   "genres": "[{'id': 18, 'name': 'Drama'}, {'id': 10749, 'name': 'Romance'}]",
   "director_id": 1776,
   "release_date": "17/08/1981",
   "Popular_set": "Not popular",
   "genre1": "Drama",
   "genre2": "Romance",
   "genre3": "",
   "genre4": "",
   "genre5": "",
   "genre6": "",
   "genre7": "",
   "revenue_cat": "Not reported",
   "budget_cat": "Not reported",
   "year_release": 1981,
   "date_formatted": "8/17/1981"
 },
 {
   "film": "The Outsiders",
   "revenue": "33,697,647.00",
   "budget": 10000000,
   "language": "en",
   "popularity": 12.687,
   "runtime": 91,
   "vote_average": 7.2,
   "vote_count": 683,
   "id": 227,
   "director": "Francis Ford Coppola",
   "tagline": "They grew up on the outside of society. They weren't looking for a fight. They were looking to belong.",
   "genres": "[{'id': 80, 'name': 'Crime'}, {'id': 18, 'name': 'Drama'}]",
   "director_id": 1776,
   "release_date": "25/03/1983",
   "Popular_set": "Popular",
   "genre1": "Crime",
   "genre2": "Drama",
   "genre3": "",
   "genre4": "",
   "genre5": "",
   "genre6": "",
   "genre7": "",
   "revenue_cat": "Low",
   "budget_cat": "Low",
   "year_release": 1983,
   "date_formatted": "3/25/1983"
 },
 {
   "film": "Rumble Fish",
   "revenue": "2,494,480.00",
   "budget": 10000000,
   "language": "en",
   "popularity": 7.287,
   "runtime": 94,
   "vote_average": 7.2,
   "vote_count": 341,
   "id": 232,
   "director": "Francis Ford Coppola",
   "tagline": "Rusty James can't live up to his brother's reputation. His brother can't live it down.",
   "genres": "[{'id': 28, 'name': 'Action'}, {'id': 80, 'name': 'Crime'}, {'id': 18, 'name': 'Drama'}]",
   "director_id": 1776,
   "release_date": "20/10/1983",
   "Popular_set": "Popular",
   "genre1": "Action",
   "genre2": "Crime",
   "genre3": "Drama",
   "genre4": "",
   "genre5": "",
   "genre6": "",
   "genre7": "",
   "revenue_cat": "Low",
   "budget_cat": "Low",
   "year_release": 1983,
   "date_formatted": "10/20/1983"
 },
 {
   "film": "The Cotton Club",
   "revenue": "25,928,721.00",
   "budget": 58000000,
   "language": "en",
   "popularity": 8.717,
   "runtime": 127,
   "vote_average": 6.6,
   "vote_count": 200,
   "id": 2148,
   "director": "Francis Ford Coppola",
   "tagline": "It was the jazz age. It was an era of elegance and violence. The action was gambling. The stakes were life and death.",
   "genres": "[{'id': 18, 'name': 'Drama'}, {'id': 80, 'name': 'Crime'}, {'id': 10749, 'name': 'Romance'}]",
   "director_id": 1776,
   "release_date": "14/12/1984",
   "Popular_set": "Not popular",
   "genre1": "Drama",
   "genre2": "Crime",
   "genre3": "Romance",
   "genre4": "",
   "genre5": "",
   "genre6": "",
   "genre7": "",
   "revenue_cat": "Low",
   "budget_cat": "Medium",
   "year_release": 1984,
   "date_formatted": "12/14/1984"
 },
 {
   "film": "Peggy Sue Got Married",
   "revenue": "41,382,841.00",
   "budget": 18000000,
   "language": "en",
   "popularity": 9.408,
   "runtime": 103,
   "vote_average": 6.2,
   "vote_count": 285,
   "id": 10013,
   "director": "Francis Ford Coppola",
   "tagline": "Knowing what you know now, what would you do differently?",
   "genres": "[{'id': 35, 'name': 'Comedy'}, {'id': 18, 'name': 'Drama'}, {'id': 14, 'name': 'Fantasy'}, {'id': 10749, 'name': 'Romance'}]",
   "director_id": 1776,
   "release_date": "05/10/1986",
   "Popular_set": "Not popular",
   "genre1": "Comedy",
   "genre2": "Drama",
   "genre3": "Fantasy",
   "genre4": "Romance",
   "genre5": "",
   "genre6": "",
   "genre7": "",
   "revenue_cat": "Low",
   "budget_cat": "Low",
   "year_release": 1986,
   "date_formatted": "10/5/1986"
 },
 {
   "film": "Gardens of Stone",
   "revenue": "5,262,047.00",
   "budget": 0,
   "language": "en",
   "popularity": 5.165,
   "runtime": 111,
   "vote_average": 6.3,
   "vote_count": 45,
   "id": 28368,
   "director": "Francis Ford Coppola",
   "tagline": "The story of the war at home, and the people who lived through it.",
   "genres": "[{'id': 18, 'name': 'Drama'}, {'id': 36, 'name': 'History'}]",
   "director_id": 1776,
   "release_date": "05/05/1987",
   "Popular_set": "Not popular",
   "genre1": "Drama",
   "genre2": "History",
   "genre3": "",
   "genre4": "",
   "genre5": "",
   "genre6": "",
   "genre7": "",
   "revenue_cat": "Low",
   "budget_cat": "Not reported",
   "year_release": 1987,
   "date_formatted": "5/5/1987"
 },
 {
   "film": "Tucker: The Man and His Dream",
   "revenue": "0",
   "budget": 0,
   "language": "en",
   "popularity": 9.105,
   "runtime": 110,
   "vote_average": 6.8,
   "vote_count": 179,
   "id": 28176,
   "director": "Francis Ford Coppola",
   "tagline": "When they tried to buy him, he refused. When they tried to bully him, he resisted. When they tried to break him, he became an American legend. The true story of Preston Tucker.",
   "genres": "[{'id': 18, 'name': 'Drama'}]",
   "director_id": 1776,
   "release_date": "12/08/1988",
   "Popular_set": "Not popular",
   "genre1": "Drama",
   "genre2": "",
   "genre3": "",
   "genre4": "",
   "genre5": "",
   "genre6": "",
   "genre7": "",
   "revenue_cat": "Not reported",
   "budget_cat": "Not reported",
   "year_release": 1988,
   "date_formatted": "8/12/1988"
 },
 {
   "film": "New York Stories",
   "revenue": "0",
   "budget": 15000000,
   "language": "en",
   "popularity": 7.761,
   "runtime": 124,
   "vote_average": 6.4,
   "vote_count": 191,
   "id": 9686,
   "director": "Woody Allen",
   "tagline": "One city, three stories tall",
   "genres": "[{'id': 35, 'name': 'Comedy'}, {'id': 18, 'name': 'Drama'}, {'id': 10749, 'name': 'Romance'}]",
   "director_id": 1776,
   "release_date": "10/03/1989",
   "Popular_set": "Not popular",
   "genre1": "Comedy",
   "genre2": "Drama",
   "genre3": "Romance",
   "genre4": "",
   "genre5": "",
   "genre6": "",
   "genre7": "",
   "revenue_cat": "Not reported",
   "budget_cat": "Low",
   "year_release": 1989,
   "date_formatted": "3/10/1989"
 },
 {
   "film": "The Godfather: Part III",
   "revenue": "136,766,062.00",
   "budget": 54000000,
   "language": "en",
   "popularity": 20.963,
   "runtime": 162,
   "vote_average": 7.4,
   "vote_count": 3610,
   "id": 242,
   "director": "Francis Ford Coppola",
   "tagline": "All the power on earth can't change destiny.",
   "genres": "[{'id': 80, 'name': 'Crime'}, {'id': 18, 'name': 'Drama'}, {'id': 53, 'name': 'Thriller'}]",
   "director_id": 1776,
   "release_date": "24/12/1990",
   "Popular_set": "Popular",
   "genre1": "Crime",
   "genre2": "Drama",
   "genre3": "Thriller",
   "genre4": "",
   "genre5": "",
   "genre6": "",
   "genre7": "",
   "revenue_cat": "Medium",
   "budget_cat": "Medium",
   "year_release": 1990,
   "date_formatted": "12/24/1990"
 },
 {
   "film": "The Godfather Trilogy: 1901-1980",
   "revenue": "0",
   "budget": 0,
   "language": "en",
   "popularity": 4.938,
   "runtime": 583,
   "vote_average": 9.3,
   "vote_count": 76,
   "id": 364150,
   "director": "Francis Ford Coppola",
   "tagline": "",
   "genres": "[{'id': 80, 'name': 'Crime'}, {'id': 18, 'name': 'Drama'}]",
   "director_id": 1776,
   "release_date": "17/10/1992",
   "Popular_set": "Not popular",
   "genre1": "Crime",
   "genre2": "Drama",
   "genre3": "",
   "genre4": "",
   "genre5": "",
   "genre6": "",
   "genre7": "",
   "revenue_cat": "Not reported",
   "budget_cat": "Not reported",
   "year_release": 1992,
   "date_formatted": "10/17/1992"
 },
 {
   "film": "Dracula",
   "revenue": "215,862,692.00",
   "budget": 40000000,
   "language": "en",
   "popularity": 17.686,
   "runtime": 128,
   "vote_average": 7.4,
   "vote_count": 2867,
   "id": 6114,
   "director": "Francis Ford Coppola",
   "tagline": "The blood is life.",
   "genres": "[{'id': 10749, 'name': 'Romance'}, {'id': 27, 'name': 'Horror'}]",
   "director_id": 1776,
   "release_date": "13/11/1992",
   "Popular_set": "Popular",
   "genre1": "Horror",
   "genre2": "Romance",
   "genre3": "",
   "genre4": "",
   "genre5": "",
   "genre6": "",
   "genre7": "",
   "revenue_cat": "Medium",
   "budget_cat": "Medium",
   "year_release": 1992,
   "date_formatted": "11/13/1992"
 },
 {
   "film": "Jack",
   "revenue": "58,620,973.00",
   "budget": 45000000,
   "language": "en",
   "popularity": 9.818,
   "runtime": 113,
   "vote_average": 6.2,
   "vote_count": 740,
   "id": 7095,
   "director": "Francis Ford Coppola",
   "tagline": "Jack Powell is about to tackle his biggest adventure ever... the fifth grade!",
   "genres": "[{'id': 35, 'name': 'Comedy'}, {'id': 18, 'name': 'Drama'}, {'id': 878, 'name': 'Science Fiction'}]",
   "director_id": 1776,
   "release_date": "09/08/1996",
   "Popular_set": "Not popular",
   "genre1": "Comedy",
   "genre2": "Drama",
   "genre3": "Science Fiction",
   "genre4": "",
   "genre5": "",
   "genre6": "",
   "genre7": "",
   "revenue_cat": "Low",
   "budget_cat": "Medium",
   "year_release": 1996,
   "date_formatted": "8/9/1996"
 },
 {
   "film": "The Rainmaker",
   "revenue": "45,916,769.00",
   "budget": 40000000,
   "language": "en",
   "popularity": 11.045,
   "runtime": 135,
   "vote_average": 7,
   "vote_count": 562,
   "id": 11975,
   "director": "Francis Ford Coppola",
   "tagline": "They were totally unqualified to try the case of a lifetime... but every underdog has his day.",
   "genres": "[{'id': 18, 'name': 'Drama'}, {'id': 80, 'name': 'Crime'}, {'id': 53, 'name': 'Thriller'}]",
   "director_id": 1776,
   "release_date": "18/11/1997",
   "Popular_set": "Not popular",
   "genre1": "Drama",
   "genre2": "Crime",
   "genre3": "Thriller",
   "genre4": "",
   "genre5": "",
   "genre6": "",
   "genre7": "",
   "revenue_cat": "Low",
   "budget_cat": "Medium",
   "year_release": 1997,
   "date_formatted": "11/18/1997"
 },
 {
   "film": "Youth Without Youth",
   "revenue": "0",
   "budget": 0,
   "language": "en",
   "popularity": 8.947,
   "runtime": 125,
   "vote_average": 6.4,
   "vote_count": 116,
   "id": 7797,
   "director": "Francis Ford Coppola",
   "tagline": "",
   "genres": "[{'id': 14, 'name': 'Fantasy'}, {'id': 18, 'name': 'Drama'}, {'id': 9648, 'name': 'Mystery'}]",
   "director_id": 1776,
   "release_date": "26/10/2007",
   "Popular_set": "Not popular",
   "genre1": "Fantasy",
   "genre2": "Drama",
   "genre3": "Mistery",
   "genre4": "",
   "genre5": "",
   "genre6": "",
   "genre7": "",
   "revenue_cat": "Not reported",
   "budget_cat": "Not reported",
   "year_release": 2007,
   "date_formatted": "10/26/2007"
 },
 {
   "film": "Tetro",
   "revenue": "2,852,915.00",
   "budget": 5000000,
   "language": "en",
   "popularity": 8.254,
   "runtime": 127,
   "vote_average": 6.8,
   "vote_count": 102,
   "id": 11928,
   "director": "Francis Ford Coppola",
   "tagline": "Every family has a secret.",
   "genres": "[{'id': 18, 'name': 'Drama'}]",
   "director_id": 1776,
   "release_date": "11/06/2009",
   "Popular_set": "Not popular",
   "genre1": "Drama",
   "genre2": "",
   "genre3": "",
   "genre4": "",
   "genre5": "",
   "genre6": "",
   "genre7": "",
   "revenue_cat": "Low",
   "budget_cat": "Low",
   "year_release": 2009,
   "date_formatted": "6/11/2009"
 },
 {
   "film": "Twixt",
   "revenue": "0",
   "budget": 7000000,
   "language": "en",
   "popularity": 10.386,
   "runtime": 89,
   "vote_average": 5,
   "vote_count": 155,
   "id": 78381,
   "director": "Francis Ford Coppola",
   "tagline": "Between the living and the dead, evil is waiting.",
   "genres": "[{'id': 27, 'name': 'Horror'}, {'id': 9648, 'name': 'Mystery'}, {'id': 14, 'name': 'Fantasy'}, {'id': 35, 'name': 'Comedy'}]",
   "director_id": 1776,
   "release_date": "10/09/2011",
   "Popular_set": "Not popular",
   "genre1": "Horror",
   "genre2": "Mistery",
   "genre3": "Fantasy",
   "genre4": "Comedy",
   "genre5": "",
   "genre6": "",
   "genre7": "",
   "revenue_cat": "Not reported",
   "budget_cat": "Low",
   "year_release": 2011,
   "date_formatted": "9/10/2011"
 },
 {
   "film": "Schlock",
   "revenue": "0",
   "budget": 60000,
   "language": "en",
   "popularity": 3.315,
   "runtime": 80,
   "vote_average": 6.2,
   "vote_count": 23,
   "id": 54123,
   "director": "John Landis",
   "tagline": "The first musical monster movie in years.",
   "genres": "[{'id': 35, 'name': 'Comedy'}, {'id': 27, 'name': 'Horror'}, {'id': 878, 'name': 'Science Fiction'}]",
   "director_id": 4610,
   "release_date": "01/03/1973",
   "Popular_set": "Not popular",
   "genre1": "Comedy",
   "genre2": "Horror",
   "genre3": "Science Fiction",
   "genre4": "",
   "genre5": "",
   "genre6": "",
   "genre7": "",
   "revenue_cat": "Not reported",
   "budget_cat": "Low",
   "year_release": 1973,
   "date_formatted": "3/1/1973"
 },
 {
   "film": "The Kentucky Fried Movie",
   "revenue": "0",
   "budget": 600000,
   "language": "en",
   "popularity": 7.308,
   "runtime": 83,
   "vote_average": 6.2,
   "vote_count": 143,
   "id": 11598,
   "director": "John Landis",
   "tagline": "This movie is totally out of control!",
   "genres": "[{'id': 35, 'name': 'Comedy'}]",
   "director_id": 4610,
   "release_date": "10/08/1977",
   "Popular_set": "Not popular",
   "genre1": "Comedy",
   "genre2": "",
   "genre3": "",
   "genre4": "",
   "genre5": "",
   "genre6": "",
   "genre7": "",
   "revenue_cat": "Not reported",
   "budget_cat": "Low",
   "year_release": 1977,
   "date_formatted": "8/10/1977"
 },
 {
   "film": "Animal House",
   "revenue": "141,000,000.00",
   "budget": 2700000,
   "language": "en",
   "popularity": 12.275,
   "runtime": 109,
   "vote_average": 7.1,
   "vote_count": 905,
   "id": 8469,
   "director": "John Landis",
   "tagline": "It was the Deltas against the rules... the rules lost!",
   "genres": "[{'id': 35, 'name': 'Comedy'}]",
   "director_id": 4610,
   "release_date": "27/07/1978",
   "Popular_set": "Popular",
   "genre1": "Comedy",
   "genre2": "",
   "genre3": "",
   "genre4": "",
   "genre5": "",
   "genre6": "",
   "genre7": "",
   "revenue_cat": "Medium",
   "budget_cat": "Low",
   "year_release": 1978,
   "date_formatted": "7/27/1978"
 },
 {
   "film": "The Blues Brothers",
   "revenue": "115,229,890.00",
   "budget": 27000000,
   "language": "en",
   "popularity": 17.683,
   "runtime": 148,
   "vote_average": 7.7,
   "vote_count": 2487,
   "id": 525,
   "director": "John Landis",
   "tagline": "They'll never get caught. They're on a mission from God.",
   "genres": "[{'id': 10402, 'name': 'Music'}, {'id': 35, 'name': 'Comedy'}, {'id': 28, 'name': 'Action'}, {'id': 80, 'name': 'Crime'}]",
   "director_id": 4610,
   "release_date": "17/06/1980",
   "Popular_set": "Popular",
   "genre1": "Music",
   "genre2": "Comedy",
   "genre3": "Action",
   "genre4": "Crime",
   "genre5": "",
   "genre6": "",
   "genre7": "",
   "revenue_cat": "Medium",
   "budget_cat": "Medium",
   "year_release": 1980,
   "date_formatted": "6/17/1980"
 },
 {
   "film": "An American Werewolf in London",
   "revenue": "31,973,249.00",
   "budget": 10000000,
   "language": "en",
   "popularity": 10.407,
   "runtime": 97,
   "vote_average": 7.3,
   "vote_count": 1211,
   "id": 814,
   "director": "John Landis",
   "tagline": "Beware the Moon.",
   "genres": "[{'id': 27, 'name': 'Horror'}]",
   "director_id": 4610,
   "release_date": "21/08/1981",
   "Popular_set": "Popular",
   "genre1": "Comedy",
   "genre2": "Horror",
   "genre3": "",
   "genre4": "",
   "genre5": "",
   "genre6": "",
   "genre7": "",
   "revenue_cat": "Low",
   "budget_cat": "Low",
   "year_release": 1981,
   "date_formatted": "8/21/1981"
 },
 {
   "film": "Trading Places",
   "revenue": "90,404,800.00",
   "budget": 15000000,
   "language": "en",
   "popularity": 16.082,
   "runtime": 116,
   "vote_average": 7.1,
   "vote_count": 1872,
   "id": 1621,
   "director": "John Landis",
   "tagline": "They're not just getting rich... They're getting even.",
   "genres": "[{'id': 35, 'name': 'Comedy'}]",
   "director_id": 4610,
   "release_date": "07/06/1983",
   "Popular_set": "Popular",
   "genre1": "Comedy",
   "genre2": "",
   "genre3": "",
   "genre4": "",
   "genre5": "",
   "genre6": "",
   "genre7": "",
   "revenue_cat": "Low",
   "budget_cat": "Low",
   "year_release": 1983,
   "date_formatted": "6/7/1983"
 },
 {
   "film": "Into the Night",
   "revenue": "6,700,000.00",
   "budget": 11400000,
   "language": "en",
   "popularity": 7.506,
   "runtime": 115,
   "vote_average": 6.6,
   "vote_count": 130,
   "id": 11338,
   "director": "John Landis",
   "tagline": "A dangerous romance",
   "genres": "[{'id': 35, 'name': 'Comedy'}, {'id': 53, 'name': 'Thriller'}]",
   "director_id": 4610,
   "release_date": "22/02/1985",
   "Popular_set": "Not popular",
   "genre1": "Comedy",
   "genre2": "Thriller",
   "genre3": "",
   "genre4": "",
   "genre5": "",
   "genre6": "",
   "genre7": "",
   "revenue_cat": "Low",
   "budget_cat": "Low",
   "year_release": 1985,
   "date_formatted": "2/22/1985"
 },
 {
   "film": "Spies Like Us",
   "revenue": "60,088,980.00",
   "budget": 22000000,
   "language": "en",
   "popularity": 11.068,
   "runtime": 102,
   "vote_average": 6.1,
   "vote_count": 327,
   "id": 9080,
   "director": "John Landis",
   "tagline": "With spies like these who needs enemies?",
   "genres": "[{'id': 35, 'name': 'Comedy'}, {'id': 12, 'name': 'Adventure'}]",
   "director_id": 4610,
   "release_date": "06/12/1985",
   "Popular_set": "Popular",
   "genre1": "Adventure",
   "genre2": "Comedy",
   "genre3": "",
   "genre4": "",
   "genre5": "",
   "genre6": "",
   "genre7": "",
   "revenue_cat": "Low",
   "budget_cat": "Medium",
   "year_release": 1985,
   "date_formatted": "12/6/1985"
 },
 {
   "film": "ï¿½Three Amigos!",
   "revenue": "0",
   "budget": 25000000,
   "language": "en",
   "popularity": 15.048,
   "runtime": 102,
   "vote_average": 6.3,
   "vote_count": 533,
   "id": 8388,
   "director": "John Landis",
   "tagline": "They're Down On Their Luck And Up To Their Necks In Senoritas, Margaritas, Banditos And Bullets!",
   "genres": "[{'id': 35, 'name': 'Comedy'}, {'id': 37, 'name': 'Western'}, {'id': 12, 'name': 'Adventure'}]",
   "director_id": 4610,
   "release_date": "12/12/1986",
   "Popular_set": "Popular",
   "genre1": "Adventure",
   "genre2": "Comedy",
   "genre3": "Western",
   "genre4": "",
   "genre5": "",
   "genre6": "",
   "genre7": "",
   "revenue_cat": "Not reported",
   "budget_cat": "Medium",
   "year_release": 1986,
   "date_formatted": "12/12/1986"
 },
 {
   "film": "Amazon Women on the Moon",
   "revenue": "0",
   "budget": 0,
   "language": "en",
   "popularity": 6.579,
   "runtime": 85,
   "vote_average": 6.5,
   "vote_count": 75,
   "id": 5709,
   "director": "John Landis",
   "tagline": "",
   "genres": "[{'id': 35, 'name': 'Comedy'}, {'id': 878, 'name': 'Science Fiction'}]",
   "director_id": 4610,
   "release_date": "18/09/1987",
   "Popular_set": "Not popular",
   "genre1": "Comedy",
   "genre2": "Science Fiction",
   "genre3": "",
   "genre4": "",
   "genre5": "",
   "genre6": "",
   "genre7": "",
   "revenue_cat": "Not reported",
   "budget_cat": "Not reported",
   "year_release": 1987,
   "date_formatted": "9/18/1987"
 },
 {
   "film": "Coming to America",
   "revenue": "288,752,301.00",
   "budget": 39000000,
   "language": "en",
   "popularity": 16.431,
   "runtime": 116,
   "vote_average": 6.7,
   "vote_count": 2288,
   "id": 9602,
   "director": "John Landis",
   "tagline": "The four funniest men in America are Eddie Murphy.",
   "genres": "[{'id': 35, 'name': 'Comedy'}, {'id': 10749, 'name': 'Romance'}]",
   "director_id": 4610,
   "release_date": "29/06/1988",
   "Popular_set": "Popular",
   "genre1": "Comedy",
   "genre2": "Romance",
   "genre3": "",
   "genre4": "",
   "genre5": "",
   "genre6": "",
   "genre7": "",
   "revenue_cat": "Medium",
   "budget_cat": "Medium",
   "year_release": 1988,
   "date_formatted": "6/29/1988"
 },
 {
   "film": "Oscar",
   "revenue": "23,562,716.00",
   "budget": 35000000,
   "language": "en",
   "popularity": 13.699,
   "runtime": 109,
   "vote_average": 6.3,
   "vote_count": 287,
   "id": 11890,
   "director": "John Landis",
   "tagline": "In crime and comedy, timing is everything.",
   "genres": "[{'id': 35, 'name': 'Comedy'}]",
   "director_id": 4610,
   "release_date": "26/04/1991",
   "Popular_set": "Not popular",
   "genre1": "Comedy",
   "genre2": "",
   "genre3": "",
   "genre4": "",
   "genre5": "",
   "genre6": "",
   "genre7": "",
   "revenue_cat": "Low",
   "budget_cat": "Medium",
   "year_release": 1991,
   "date_formatted": "4/26/1991"
 },
 {
   "film": "Innocent Blood",
   "revenue": "0",
   "budget": 0,
   "language": "en",
   "popularity": 8.487,
   "runtime": 112,
   "vote_average": 6.1,
   "vote_count": 106,
   "id": 27381,
   "director": "John Landis",
   "tagline": "The movie that goes straight for the jugular.",
   "genres": "[{'id': 35, 'name': 'Comedy'}, {'id': 27, 'name': 'Horror'}, {'id': 53, 'name': 'Thriller'}, {'id': 80, 'name': 'Crime'}]",
   "director_id": 4610,
   "release_date": "25/09/1992",
   "Popular_set": "Not popular",
   "genre1": "Comedy",
   "genre2": "Horror",
   "genre3": "Thriller",
   "genre4": "Crime",
   "genre5": "",
   "genre6": "",
   "genre7": "",
   "revenue_cat": "Not reported",
   "budget_cat": "Not reported",
   "year_release": 1992,
   "date_formatted": "9/25/1992"
 },
 {
   "film": "Beverly Hills Cop III",
   "revenue": "119,208,989.00",
   "budget": 50000000,
   "language": "en",
   "popularity": 15.156,
   "runtime": 105,
   "vote_average": 5.8,
   "vote_count": 1007,
   "id": 306,
   "director": "John Landis",
   "tagline": "In for the ride of his life!",
   "genres": "[{'id': 28, 'name': 'Action'}, {'id': 35, 'name': 'Comedy'}, {'id': 80, 'name': 'Crime'}]",
   "director_id": 4610,
   "release_date": "24/05/1994",
   "Popular_set": "Popular",
   "genre1": "Action",
   "genre2": "Comedy",
   "genre3": "Crime",
   "genre4": "",
   "genre5": "",
   "genre6": "",
   "genre7": "",
   "revenue_cat": "Medium",
   "budget_cat": "Medium",
   "year_release": 1994,
   "date_formatted": "5/24/1994"
 },
 {
   "film": "The Stupids",
   "revenue": "2,491,989.00",
   "budget": 25000000,
   "language": "en",
   "popularity": 4.036,
   "runtime": 94,
   "vote_average": 4.3,
   "vote_count": 41,
   "id": 16299,
   "director": "John Landis",
   "tagline": "As American as apple pie and twice as smart.",
   "genres": "[{'id': 35, 'name': 'Comedy'}, {'id': 10751, 'name': 'Family'}]",
   "director_id": 4610,
   "release_date": "08/08/1996",
   "Popular_set": "Not popular",
   "genre1": "Comedy",
   "genre2": "Family",
   "genre3": "",
   "genre4": "",
   "genre5": "",
   "genre6": "",
   "genre7": "",
   "revenue_cat": "Low",
   "budget_cat": "Medium",
   "year_release": 1996,
   "date_formatted": "8/8/1996"
 },
 {
   "film": "Blues Brothers 2000",
   "revenue": "14,051,384.00",
   "budget": 28000000,
   "language": "en",
   "popularity": 9.573,
   "runtime": 123,
   "vote_average": 5.3,
   "vote_count": 374,
   "id": 11568,
   "director": "John Landis",
   "tagline": "",
   "genres": "[{'id': 10402, 'name': 'Music'}, {'id': 28, 'name': 'Action'}, {'id': 35, 'name': 'Comedy'}, {'id': 80, 'name': 'Crime'}]",
   "director_id": 4610,
   "release_date": "05/02/1998",
   "Popular_set": "Not popular",
   "genre1": "Music",
   "genre2": "Action",
   "genre3": "Comedy",
   "genre4": "Crime",
   "genre5": "",
   "genre6": "",
   "genre7": "",
   "revenue_cat": "Low",
   "budget_cat": "Medium",
   "year_release": 1998,
   "date_formatted": "2/5/1998"
 },
 {
   "film": "Burke & Hare",
   "revenue": "4,349,187.00",
   "budget": 10000000,
   "language": "en",
   "popularity": 8.184,
   "runtime": 91,
   "vote_average": 6.2,
   "vote_count": 293,
   "id": 50204,
   "director": "John Landis",
   "tagline": "No Job Too Small. No Body Too Big. No Questions Asked.",
   "genres": "[{'id': 35, 'name': 'Comedy'}, {'id': 53, 'name': 'Thriller'}]",
   "director_id": 4610,
   "release_date": "29/10/2010",
   "Popular_set": "Not popular",
   "genre1": "Comedy",
   "genre2": "Thriller",
   "genre3": "",
   "genre4": "",
   "genre5": "",
   "genre6": "",
   "genre7": "",
   "revenue_cat": "Low",
   "budget_cat": "Low",
   "year_release": 2010,
   "date_formatted": "10/29/2010"
 },
 {
   "film": "The Last House on the Left",
   "revenue": "0",
   "budget": 90000,
   "language": "en",
   "popularity": 12.037,
   "runtime": 84,
   "vote_average": 6.1,
   "vote_count": 323,
   "id": 15516,
   "director": "Wes Craven",
   "tagline": "It rests on 13 acres of earth over the very center of hell...!",
   "genres": "[{'id': 27, 'name': 'Horror'}, {'id': 53, 'name': 'Thriller'}]",
   "director_id": 5140,
   "release_date": "30/08/1972",
   "Popular_set": "Popular",
   "genre1": "Horror",
   "genre2": "Thriller",
   "genre3": "",
   "genre4": "",
   "genre5": "",
   "genre6": "",
   "genre7": "",
   "revenue_cat": "Not reported",
   "budget_cat": "Low",
   "year_release": 1972,
   "date_formatted": "8/30/1972"
 },
 {
   "film": "The Hills Have Eyes",
   "revenue": "25,000,000.00",
   "budget": 230000,
   "language": "en",
   "popularity": 9.22,
   "runtime": 90,
   "vote_average": 6.2,
   "vote_count": 414,
   "id": 12262,
   "director": "Wes Craven",
   "tagline": "A nice American family. They didn't want to kill. But they didn't want to die.",
   "genres": "[{'id': 27, 'name': 'Horror'}]",
   "director_id": 5140,
   "release_date": "22/07/1977",
   "Popular_set": "Popular",
   "genre1": "Horror",
   "genre2": "",
   "genre3": "",
   "genre4": "",
   "genre5": "",
   "genre6": "",
   "genre7": "",
   "revenue_cat": "Low",
   "budget_cat": "Low",
   "year_release": 1977,
   "date_formatted": "7/22/1977"
 },
 {
   "film": "Deadly Blessing",
   "revenue": "0",
   "budget": 2500000,
   "language": "en",
   "popularity": 4.968,
   "runtime": 100,
   "vote_average": 5.2,
   "vote_count": 69,
   "id": 33016,
   "director": "Wes Craven",
   "tagline": "A gruesome secret, protected for generations, rises to give its...",
   "genres": "[{'id': 27, 'name': 'Horror'}, {'id': 9648, 'name': 'Mystery'}, {'id': 53, 'name': 'Thriller'}]",
   "director_id": 5140,
   "release_date": "14/08/1981",
   "Popular_set": "Not popular",
   "genre1": "Horror",
   "genre2": "Mistery",
   "genre3": "Thriller",
   "genre4": "",
   "genre5": "",
   "genre6": "",
   "genre7": "",
   "revenue_cat": "Not reported",
   "budget_cat": "Low",
   "year_release": 1981,
   "date_formatted": "8/14/1981"
 },
 {
   "film": "Swamp Thing",
   "revenue": "0",
   "budget": 10000000,
   "language": "en",
   "popularity": 8.503,
   "runtime": 91,
   "vote_average": 5.4,
   "vote_count": 186,
   "id": 17918,
   "director": "Wes Craven",
   "tagline": "Science changed him into a monster. Love changed him even more!",
   "genres": "[{'id': 27, 'name': 'Horror'}, {'id': 878, 'name': 'Science Fiction'}]",
   "director_id": 5140,
   "release_date": "19/02/1982",
   "Popular_set": "Popular",
   "genre1": "Horror",
   "genre2": "Science Fiction",
   "genre3": "",
   "genre4": "",
   "genre5": "",
   "genre6": "",
   "genre7": "",
   "revenue_cat": "Not reported",
   "budget_cat": "Low",
   "year_release": 1982,
   "date_formatted": "2/19/1982"
 },
 {
   "film": "Invitation to Hell",
   "revenue": "0",
   "budget": 0,
   "language": "en",
   "popularity": 3.912,
   "runtime": 96,
   "vote_average": 4.9,
   "vote_count": 12,
   "id": 81009,
   "director": "Wes Craven",
   "tagline": "The Ultimate Nightmare",
   "genres": "[{'id': 27, 'name': 'Horror'}, {'id': 9648, 'name': 'Mystery'}, {'id': 878, 'name': 'Science Fiction'}, {'id': 10770, 'name': 'TV Movie'}]",
   "director_id": 5140,
   "release_date": "24/05/1984",
   "Popular_set": "Not popular",
   "genre1": "Horror",
   "genre2": "Mistery",
   "genre3": "Science Fiction",
   "genre4": "TV Movie",
   "genre5": "",
   "genre6": "",
   "genre7": "",
   "revenue_cat": "Not reported",
   "budget_cat": "Not reported",
   "year_release": 1984,
   "date_formatted": "5/24/1984"
 },
 {
   "film": "The Hills Have Eyes Part 2",
   "revenue": "0",
   "budget": 700000,
   "language": "en",
   "popularity": 7.536,
   "runtime": 86,
   "vote_average": 4.4,
   "vote_count": 102,
   "id": 18477,
   "director": "Wes Craven",
   "tagline": "So you think you're lucky to be alive...",
   "genres": "[{'id': 27, 'name': 'Horror'}]",
   "director_id": 5140,
   "release_date": "01/06/1984",
   "Popular_set": "Not popular",
   "genre1": "Horror",
   "genre2": "",
   "genre3": "",
   "genre4": "",
   "genre5": "",
   "genre6": "",
   "genre7": "",
   "revenue_cat": "Not reported",
   "budget_cat": "Low",
   "year_release": 1984,
   "date_formatted": "6/1/1984"
 },
 {
   "film": "A Nightmare on Elm Street",
   "revenue": "25,504,513.00",
   "budget": 1800000,
   "language": "en",
   "popularity": 16.217,
   "runtime": 91,
   "vote_average": 7.3,
   "vote_count": 2981,
   "id": 377,
   "director": "Wes Craven",
   "tagline": "If Nancy Doesn't Wake Up Screaming, She Won't Wake Up At All!",
   "genres": "[{'id': 27, 'name': 'Horror'}]",
   "director_id": 5140,
   "release_date": "14/11/1984",
   "Popular_set": "Popular",
   "genre1": "Horror",
   "genre2": "",
   "genre3": "",
   "genre4": "",
   "genre5": "",
   "genre6": "",
   "genre7": "",
   "revenue_cat": "Low",
   "budget_cat": "Low",
   "year_release": 1984,
   "date_formatted": "11/14/1984"
 },
 {
   "film": "Deadly Friend",
   "revenue": "8,988,731.00",
   "budget": 0,
   "language": "en",
   "popularity": 7.11,
   "runtime": 91,
   "vote_average": 5.8,
   "vote_count": 104,
   "id": 33278,
   "director": "Wes Craven",
   "tagline": "There's no one alive who'll play with the girl next door.",
   "genres": "[{'id': 27, 'name': 'Horror'}, {'id': 878, 'name': 'Science Fiction'}]",
   "director_id": 5140,
   "release_date": "10/10/1986",
   "Popular_set": "Not popular",
   "genre1": "Horror",
   "genre2": "Science Fiction",
   "genre3": "",
   "genre4": "",
   "genre5": "",
   "genre6": "",
   "genre7": "",
   "revenue_cat": "Low",
   "budget_cat": "Not reported",
   "year_release": 1986,
   "date_formatted": "10/10/1986"
 },
 {
   "film": "The Serpent and the Rainbow",
   "revenue": "19,595,031.00",
   "budget": 7000000,
   "language": "en",
   "popularity": 10.33,
   "runtime": 98,
   "vote_average": 6.4,
   "vote_count": 229,
   "id": 11503,
   "director": "Wes Craven",
   "tagline": "Don't bury me... I'm not dead!",
   "genres": "[{'id': 27, 'name': 'Horror'}, {'id': 53, 'name': 'Thriller'}]",
   "director_id": 5140,
   "release_date": "05/02/1988",
   "Popular_set": "Not popular",
   "genre1": "Horror",
   "genre2": "Thriller",
   "genre3": "",
   "genre4": "",
   "genre5": "",
   "genre6": "",
   "genre7": "",
   "revenue_cat": "Low",
   "budget_cat": "Low",
   "year_release": 1988,
   "date_formatted": "2/5/1988"
 },
 {
   "film": "Shocker",
   "revenue": "16,554,699.00",
   "budget": 5000000,
   "language": "en",
   "popularity": 9.798,
   "runtime": 109,
   "vote_average": 5.5,
   "vote_count": 191,
   "id": 12521,
   "director": "Wes Craven",
   "tagline": "On October 2, at 6:45 AM mass murderer Horace Pinker was put to death. Now, he's really mad.",
   "genres": "[{'id': 53, 'name': 'Thriller'}, {'id': 27, 'name': 'Horror'}]",
   "director_id": 5140,
   "release_date": "27/10/1989",
   "Popular_set": "Not popular",
   "genre1": "Thriller",
   "genre2": "Horror",
   "genre3": "",
   "genre4": "",
   "genre5": "",
   "genre6": "",
   "genre7": "",
   "revenue_cat": "Low",
   "budget_cat": "Low",
   "year_release": 1989,
   "date_formatted": "10/27/1989"
 },
 {
   "film": "The People Under the Stairs",
   "revenue": "0",
   "budget": 6000000,
   "language": "en",
   "popularity": 9.368,
   "runtime": 102,
   "vote_average": 6.4,
   "vote_count": 310,
   "id": 13122,
   "director": "Wes Craven",
   "tagline": "In every neighborhood there is one house that adults whisper about and children cross the street to avoid.",
   "genres": "[{'id': 35, 'name': 'Comedy'}, {'id': 18, 'name': 'Drama'}, {'id': 27, 'name': 'Horror'}, {'id': 9648, 'name': 'Mystery'}, {'id': 53, 'name': 'Thriller'}]",
   "director_id": 5140,
   "release_date": "01/11/1991",
   "Popular_set": "Popular",
   "genre1": "Comedy",
   "genre2": "Drama",
   "genre3": "Horror",
   "genre4": "Mystery",
   "genre5": "Thriller",
   "genre6": "",
   "genre7": "",
   "revenue_cat": "Not reported",
   "budget_cat": "Low",
   "year_release": 1991,
   "date_formatted": "11/1/1991"
 },
 {
   "film": "New Nightmare",
   "revenue": "18,090,181.00",
   "budget": 14000000,
   "language": "en",
   "popularity": 11.797,
   "runtime": 112,
   "vote_average": 6.4,
   "vote_count": 730,
   "id": 11596,
   "director": "Wes Craven",
   "tagline": "This time the terror doesn't stop at the screen.",
   "genres": "[{'id': 27, 'name': 'Horror'}, {'id': 53, 'name': 'Thriller'}, {'id': 9648, 'name': 'Mystery'}, {'id': 14, 'name': 'Fantasy'}]",
   "director_id": 5140,
   "release_date": "13/10/1994",
   "Popular_set": "Popular",
   "genre1": "Fantasy",
   "genre2": "Horror",
   "genre3": "Mystery",
   "genre4": "Thriller",
   "genre5": "",
   "genre6": "",
   "genre7": "",
   "revenue_cat": "Low",
   "budget_cat": "Low",
   "year_release": 1994,
   "date_formatted": "10/13/1994"
 },
 {
   "film": "Vampire in Brooklyn",
   "revenue": "19,800,000.00",
   "budget": 14000000,
   "language": "en",
   "popularity": 7.657,
   "runtime": 100,
   "vote_average": 4.9,
   "vote_count": 281,
   "id": 12158,
   "director": "Wes Craven",
   "tagline": "A comic tale of horror and seduction.",
   "genres": "[{'id': 35, 'name': 'Comedy'}, {'id': 27, 'name': 'Horror'}, {'id': 10749, 'name': 'Romance'}]",
   "director_id": 5140,
   "release_date": "26/10/1995",
   "Popular_set": "Not popular",
   "genre1": "Comedy",
   "genre2": "Horror",
   "genre3": "Romance",
   "genre4": "",
   "genre5": "",
   "genre6": "",
   "genre7": "",
   "revenue_cat": "Low",
   "budget_cat": "Low",
   "year_release": 1995,
   "date_formatted": "10/26/1995"
 },
 {
   "film": "Scream",
   "revenue": "173,046,663.00",
   "budget": 14000000,
   "language": "en",
   "popularity": 17.288,
   "runtime": 112,
   "vote_average": 7.2,
   "vote_count": 3540,
   "id": 4232,
   "director": "Wes Craven",
   "tagline": "Someone has taken their love of scary movies one step too far.",
   "genres": "[{'id': 80, 'name': 'Crime'}, {'id': 27, 'name': 'Horror'}, {'id': 9648, 'name': 'Mystery'}]",
   "director_id": 5140,
   "release_date": "20/12/1996",
   "Popular_set": "Popular",
   "genre1": "Crime",
   "genre2": "Horror",
   "genre3": "Mystery",
   "genre4": "",
   "genre5": "",
   "genre6": "",
   "genre7": "",
   "revenue_cat": "Medium",
   "budget_cat": "Low",
   "year_release": 1996,
   "date_formatted": "12/20/1996"
 },
 {
   "film": "Scream 2",
   "revenue": "172,363,301.00",
   "budget": 24000000,
   "language": "en",
   "popularity": 13.468,
   "runtime": 120,
   "vote_average": 6.3,
   "vote_count": 2035,
   "id": 4233,
   "director": "Wes Craven",
   "tagline": "Someone has taken their love of sequels one step too far.",
   "genres": "[{'id': 27, 'name': 'Horror'}, {'id': 9648, 'name': 'Mystery'}]",
   "director_id": 5140,
   "release_date": "09/12/1997",
   "Popular_set": "Not popular",
   "genre1": "Horror",
   "genre2": "Mistery",
   "genre3": "",
   "genre4": "",
   "genre5": "",
   "genre6": "",
   "genre7": "",
   "revenue_cat": "Medium",
   "budget_cat": "Medium",
   "year_release": 1997,
   "date_formatted": "12/9/1997"
 },
 {
   "film": "Music of the Heart",
   "revenue": "14,859,394.00",
   "budget": 27000000,
   "language": "en",
   "popularity": 5.719,
   "runtime": 124,
   "vote_average": 6.8,
   "vote_count": 118,
   "id": 26149,
   "director": "Wes Craven",
   "tagline": "She gave them a gift they could never imagine. They gave the system a fight it would never forget.",
   "genres": "[{'id': 18, 'name': 'Drama'}]",
   "director_id": 5140,
   "release_date": "29/10/1999",
   "Popular_set": "Not popular",
   "genre1": "Drama",
   "genre2": "",
   "genre3": "",
   "genre4": "",
   "genre5": "",
   "genre6": "",
   "genre7": "",
   "revenue_cat": "Low",
   "budget_cat": "Medium",
   "year_release": 1999,
   "date_formatted": "10/29/1999"
 },
 {
   "film": "Scream 3",
   "revenue": "161,834,276.00",
   "budget": 40000000,
   "language": "en",
   "popularity": 15.543,
   "runtime": 116,
   "vote_average": 5.9,
   "vote_count": 1760,
   "id": 4234,
   "director": "Wes Craven",
   "tagline": "Someone has taken their love of trilogies one step too far.",
   "genres": "[{'id': 27, 'name': 'Horror'}, {'id': 9648, 'name': 'Mystery'}]",
   "director_id": 5140,
   "release_date": "03/02/2000",
   "Popular_set": "Popular",
   "genre1": "Horror",
   "genre2": "Mystery",
   "genre3": "",
   "genre4": "",
   "genre5": "",
   "genre6": "",
   "genre7": "",
   "revenue_cat": "Medium",
   "budget_cat": "Medium",
   "year_release": 2000,
   "date_formatted": "2/3/2000"
 },
 {
   "film": "Cursed",
   "revenue": "19,294,901.00",
   "budget": 35000000,
   "language": "en",
   "popularity": 12.007,
   "runtime": 97,
   "vote_average": 5.3,
   "vote_count": 359,
   "id": 10012,
   "director": "Wes Craven",
   "tagline": "What doesn't kill you makes you stronger.",
   "genres": "[{'id': 27, 'name': 'Horror'}, {'id': 35, 'name': 'Comedy'}]",
   "director_id": 5140,
   "release_date": "25/02/2005",
   "Popular_set": "Not popular",
   "genre1": "Horror",
   "genre2": "Comedy",
   "genre3": "",
   "genre4": "",
   "genre5": "",
   "genre6": "",
   "genre7": "",
   "revenue_cat": "Low",
   "budget_cat": "Medium",
   "year_release": 2005,
   "date_formatted": "2/25/2005"
 },
 {
   "film": "Red Eye",
   "revenue": "57,891,803.00",
   "budget": 26000000,
   "language": "en",
   "popularity": 12.197,
   "runtime": 85,
   "vote_average": 6.3,
   "vote_count": 1060,
   "id": 11460,
   "director": "Wes Craven",
   "tagline": "Fear takes flight.",
   "genres": "[{'id': 27, 'name': 'Horror'}, {'id': 53, 'name': 'Thriller'}]",
   "director_id": 5140,
   "release_date": "04/08/2005",
   "Popular_set": "Not popular",
   "genre1": "Horror",
   "genre2": "Thriller",
   "genre3": "",
   "genre4": "",
   "genre5": "",
   "genre6": "",
   "genre7": "",
   "revenue_cat": "Low",
   "budget_cat": "Medium",
   "year_release": 2005,
   "date_formatted": "8/4/2005"
 },
 {
   "film": "My Soul to Take",
   "revenue": "19,829,957.00",
   "budget": 25000000,
   "language": "en",
   "popularity": 10.278,
   "runtime": 107,
   "vote_average": 5.5,
   "vote_count": 303,
   "id": 43931,
   "director": "Wes Craven",
   "tagline": "Only One Has The Power To Save Their Souls",
   "genres": "[{'id': 18, 'name': 'Drama'}, {'id': 27, 'name': 'Horror'}, {'id': 9648, 'name': 'Mystery'}, {'id': 53, 'name': 'Thriller'}]",
   "director_id": 5140,
   "release_date": "08/10/2010",
   "Popular_set": "Not popular",
   "genre1": "Drama",
   "genre2": "Horror",
   "genre3": "Mistery",
   "genre4": "Thriller",
   "genre5": "",
   "genre6": "",
   "genre7": "",
   "revenue_cat": "Low",
   "budget_cat": "Medium",
   "year_release": 2010,
   "date_formatted": "10/8/2010"
 },
 {
   "film": "Scream 4",
   "revenue": "97,138,686.00",
   "budget": 40000000,
   "language": "en",
   "popularity": 15.966,
   "runtime": 111,
   "vote_average": 6.2,
   "vote_count": 1910,
   "id": 41446,
   "director": "Wes Craven",
   "tagline": "New Decade. New Rules.",
   "genres": "[{'id': 27, 'name': 'Horror'}, {'id': 9648, 'name': 'Mystery'}]",
   "director_id": 5140,
   "release_date": "11/04/2011",
   "Popular_set": "Not popular",
   "genre1": "Horror",
   "genre2": "Mistery",
   "genre3": "",
   "genre4": "",
   "genre5": "",
   "genre6": "",
   "genre7": "",
   "revenue_cat": "Low",
   "budget_cat": "Medium",
   "year_release": 2011,
   "date_formatted": "4/11/2011"
 },
 {
   "film": "Eraserhead",
   "revenue": "7,000,000.00",
   "budget": 100000,
   "language": "en",
   "popularity": 10.518,
   "runtime": 89,
   "vote_average": 7.6,
   "vote_count": 1296,
   "id": 985,
   "director": "David Lynch",
   "tagline": "In heaven, everything is fine.",
   "genres": "[{'id': 14, 'name': 'Fantasy'}, {'id': 27, 'name': 'Horror'}]",
   "director_id": 5602,
   "release_date": "19/03/1977",
   "Popular_set": "Popular",
   "genre1": "Fantasy",
   "genre2": "Horror",
   "genre3": "",
   "genre4": "",
   "genre5": "",
   "genre6": "",
   "genre7": "",
   "revenue_cat": "Low",
   "budget_cat": "Low",
   "year_release": 1977,
   "date_formatted": "3/19/1977"
 },
 {
   "film": "The Elephant Man",
   "revenue": "26,010,864.00",
   "budget": 5000000,
   "language": "en",
   "popularity": 15.774,
   "runtime": 124,
   "vote_average": 8.1,
   "vote_count": 1853,
   "id": 1955,
   "director": "David Lynch",
   "tagline": "I am not an animal! I am a human being! I â€¦ am â€¦ a man!",
   "genres": "[{'id': 18, 'name': 'Drama'}, {'id': 36, 'name': 'History'}]",
   "director_id": 5602,
   "release_date": "02/10/1980",
   "Popular_set": "Popular",
   "genre1": "Drama",
   "genre2": "History",
   "genre3": "",
   "genre4": "",
   "genre5": "",
   "genre6": "",
   "genre7": "",
   "revenue_cat": "Low",
   "budget_cat": "Low",
   "year_release": 1980,
   "date_formatted": "10/2/1980"
 },
 {
   "film": "Dune",
   "revenue": "30,925,690.00",
   "budget": 40000000,
   "language": "en",
   "popularity": 22.334,
   "runtime": 137,
   "vote_average": 6.3,
   "vote_count": 1268,
   "id": 841,
   "director": "David Lynch",
   "tagline": "A world beyond your experience, beyond your imagination.",
   "genres": "[{'id': 28, 'name': 'Action'}, {'id': 878, 'name': 'Science Fiction'}, {'id': 12, 'name': 'Adventure'}]",
   "director_id": 5602,
   "release_date": "14/12/1984",
   "Popular_set": "Popular",
   "genre1": "Action",
   "genre2": "Science Fiction",
   "genre3": "Adventure",
   "genre4": "",
   "genre5": "",
   "genre6": "",
   "genre7": "",
   "revenue_cat": "Low",
   "budget_cat": "Medium",
   "year_release": 1984,
   "date_formatted": "12/14/1984"
 },
 {
   "film": "Blue Velvet",
   "revenue": "8,551,228.00",
   "budget": 6000000,
   "language": "en",
   "popularity": 11.182,
   "runtime": 120,
   "vote_average": 7.7,
   "vote_count": 1810,
   "id": 793,
   "director": "David Lynch",
   "tagline": "Itâ€™s a strange world.",
   "genres": "[{'id': 80, 'name': 'Crime'}, {'id': 9648, 'name': 'Mystery'}, {'id': 53, 'name': 'Thriller'}]",
   "director_id": 5602,
   "release_date": "01/08/1986",
   "Popular_set": "Popular",
   "genre1": "Crime",
   "genre2": "Mystery",
   "genre3": "Thriller",
   "genre4": "",
   "genre5": "",
   "genre6": "",
   "genre7": "",
   "revenue_cat": "Low",
   "budget_cat": "Low",
   "year_release": 1986,
   "date_formatted": "8/1/1986"
 },
 {
   "film": "Wild at Heart",
   "revenue": "14,560,247.00",
   "budget": 9500000,
   "language": "en",
   "popularity": 11.597,
   "runtime": 124,
   "vote_average": 7.1,
   "vote_count": 806,
   "id": 483,
   "director": "David Lynch",
   "tagline": "A wild crazy love story.",
   "genres": "[{'id': 35, 'name': 'Comedy'}, {'id': 80, 'name': 'Crime'}, {'id': 53, 'name': 'Thriller'}]",
   "director_id": 5602,
   "release_date": "17/08/1990",
   "Popular_set": "Popular",
   "genre1": "Comedy",
   "genre2": "Crime",
   "genre3": "Thriller",
   "genre4": "",
   "genre5": "",
   "genre6": "",
   "genre7": "",
   "revenue_cat": "Low",
   "budget_cat": "Low",
   "year_release": 1990,
   "date_formatted": "8/17/1990"
 },
 {
   "film": "Twin Peaks: Fire Walk with Me",
   "revenue": "4,160,851.00",
   "budget": 10000000,
   "language": "en",
   "popularity": 12.486,
   "runtime": 135,
   "vote_average": 7.3,
   "vote_count": 1055,
   "id": 1923,
   "director": "David Lynch",
   "tagline": "Meet Laura Palmer... In a town where nothing is as it seems... And everyone has something to hide.",
   "genres": "[{'id': 18, 'name': 'Drama'}, {'id': 9648, 'name': 'Mystery'}]",
   "director_id": 5602,
   "release_date": "03/06/1992",
   "Popular_set": "Popular",
   "genre1": "Drama",
   "genre2": "Mystery",
   "genre3": "",
   "genre4": "",
   "genre5": "",
   "genre6": "",
   "genre7": "",
   "revenue_cat": "Low",
   "budget_cat": "Low",
   "year_release": 1992,
   "date_formatted": "6/3/1992"
 },
 {
   "film": "Lost Highway",
   "revenue": "3,675,201.00",
   "budget": 15000000,
   "language": "en",
   "popularity": 14.487,
   "runtime": 134,
   "vote_average": 7.6,
   "vote_count": 1399,
   "id": 638,
   "director": "David Lynch",
   "tagline": "",
   "genres": "[{'id': 18, 'name': 'Drama'}, {'id': 53, 'name': 'Thriller'}, {'id': 9648, 'name': 'Mystery'}]",
   "director_id": 5602,
   "release_date": "15/01/1997",
   "Popular_set": "Popular",
   "genre1": "Drama",
   "genre2": "Thriller",
   "genre3": "Mystery",
   "genre4": "",
   "genre5": "",
   "genre6": "",
   "genre7": "",
   "revenue_cat": "Low",
   "budget_cat": "Low",
   "year_release": 1997,
   "date_formatted": "1/15/1997"
 },
 {
   "film": "Mulholland Dr.",
   "revenue": "0",
   "budget": 0,
   "language": "en",
   "popularity": 8.924,
   "runtime": 88,
   "vote_average": 7.9,
   "vote_count": 237,
   "id": 185789,
   "director": "David Lynch",
   "tagline": "",
   "genres": "[{'id': 53, 'name': 'Thriller'}, {'id': 10770, 'name': 'TV Movie'}, {'id': 18, 'name': 'Drama'}, {'id': 9648, 'name': 'Mystery'}]",
   "director_id": 5602,
   "release_date": "01/01/1999",
   "Popular_set": "Not popular",
   "genre1": "Thriller",
   "genre2": "TV Movie",
   "genre3": "Drama",
   "genre4": "Mistery",
   "genre5": "",
   "genre6": "",
   "genre7": "",
   "revenue_cat": "Not reported",
   "budget_cat": "Not reported",
   "year_release": 1999,
   "date_formatted": "1/1/1999"
 },
 {
   "film": "The Straight Story",
   "revenue": "6,203,044.00",
   "budget": 10000000,
   "language": "en",
   "popularity": 10.389,
   "runtime": 112,
   "vote_average": 7.8,
   "vote_count": 786,
   "id": 404,
   "director": "David Lynch",
   "tagline": "A true story that proves a little determination goes a very, very long way.",
   "genres": "[{'id': 18, 'name': 'Drama'}]",
   "director_id": 5602,
   "release_date": "15/10/1999",
   "Popular_set": "Popular",
   "genre1": "Drama",
   "genre2": "",
   "genre3": "",
   "genre4": "",
   "genre5": "",
   "genre6": "",
   "genre7": "",
   "revenue_cat": "Low",
   "budget_cat": "Low",
   "year_release": 1999,
   "date_formatted": "10/15/1999"
 },
 {
   "film": "Mulholland Drive",
   "revenue": "20,117,339.00",
   "budget": 15000000,
   "language": "en",
   "popularity": 20.258,
   "runtime": 147,
   "vote_average": 7.8,
   "vote_count": 3612,
   "id": 1018,
   "director": "David Lynch",
   "tagline": "An actress longing to be a star. A woman searching for herself. Both worlds will collideâ€¦ on Mulholland Drive.",
   "genres": "[{'id': 53, 'name': 'Thriller'}, {'id': 18, 'name': 'Drama'}, {'id': 9648, 'name': 'Mystery'}]",
   "director_id": 5602,
   "release_date": "08/09/2001",
   "Popular_set": "Not popular",
   "genre1": "Thriller",
   "genre2": "Drama",
   "genre3": "Mistery",
   "genre4": "",
   "genre5": "",
   "genre6": "",
   "genre7": "",
   "revenue_cat": "Low",
   "budget_cat": "Low",
   "year_release": 2001,
   "date_formatted": "9/8/2001"
 },
 {
   "film": "Inland Empire",
   "revenue": "849,055.00",
   "budget": 0,
   "language": "en",
   "popularity": 12.02,
   "runtime": 180,
   "vote_average": 7.2,
   "vote_count": 601,
   "id": 1730,
   "director": "David Lynch",
   "tagline": "A woman in trouble",
   "genres": "[{'id': 18, 'name': 'Drama'}, {'id': 9648, 'name': 'Mystery'}, {'id': 53, 'name': 'Thriller'}]",
   "director_id": 5602,
   "release_date": "06/09/2006",
   "Popular_set": "Not popular",
   "genre1": "Drama",
   "genre2": "Mistery",
   "genre3": "Thriller",
   "genre4": "",
   "genre5": "",
   "genre6": "",
   "genre7": "",
   "revenue_cat": "Low",
   "budget_cat": "Not reported",
   "year_release": 2006,
   "date_formatted": "9/6/2006"
 },
 {
   "film": "Grand Theft Auto",
   "revenue": "0",
   "budget": 0,
   "language": "en",
   "popularity": 3.114,
   "runtime": 84,
   "vote_average": 5.2,
   "vote_count": 31,
   "id": 19731,
   "director": "Ron Howard",
   "tagline": "See the greatest cars in the world destroyed!",
   "genres": "[{'id': 28, 'name': 'Action'}, {'id': 35, 'name': 'Comedy'}, {'id': 80, 'name': 'Crime'}]",
   "director_id": 6159,
   "release_date": "16/06/1977",
   "Popular_set": "Not popular",
   "genre1": "Action",
   "genre2": "Comedy",
   "genre3": "Crime",
   "genre4": "",
   "genre5": "",
   "genre6": "",
   "genre7": "",
   "revenue_cat": "Not reported",
   "budget_cat": "Not reported",
   "year_release": 1977,
   "date_formatted": "6/16/1977"
 },
 {
   "film": "Night Shift",
   "revenue": "21,095,683.00",
   "budget": 0,
   "language": "en",
   "popularity": 8.774,
   "runtime": 106,
   "vote_average": 6.1,
   "vote_count": 96,
   "id": 14742,
   "director": "Ron Howard",
   "tagline": "Ever since two enterprising young men turned the City Morgue into a swinging business, people have been dying to get in.",
   "genres": "[{'id': 35, 'name': 'Comedy'}]",
   "director_id": 6159,
   "release_date": "30/07/1982",
   "Popular_set": "Popular",
   "genre1": "Comedy",
   "genre2": "",
   "genre3": "",
   "genre4": "",
   "genre5": "",
   "genre6": "",
   "genre7": "",
   "revenue_cat": "Low",
   "budget_cat": "Not reported",
   "year_release": 1982,
   "date_formatted": "7/30/1982"
 },
 {
   "film": "Splash",
   "revenue": "69,821,334.00",
   "budget": 8000000,
   "language": "en",
   "popularity": 11.287,
   "runtime": 111,
   "vote_average": 6.2,
   "vote_count": 740,
   "id": 2619,
   "director": "Ron Howard",
   "tagline": "Allen Bauer Thought He'd Never Find The Right Woman... He Was Only Half Wrong!",
   "genres": "[{'id': 35, 'name': 'Comedy'}, {'id': 14, 'name': 'Fantasy'}, {'id': 10749, 'name': 'Romance'}]",
   "director_id": 6159,
   "release_date": "09/03/1984",
   "Popular_set": "Popular",
   "genre1": "Comedy",
   "genre2": "Fantasy",
   "genre3": "Romance",
   "genre4": "",
   "genre5": "",
   "genre6": "",
   "genre7": "",
   "revenue_cat": "Low",
   "budget_cat": "Low",
   "year_release": 1984,
   "date_formatted": "3/9/1984"
 },
 {
   "film": "Cocoon",
   "revenue": "85,313,124.00",
   "budget": 0,
   "language": "en",
   "popularity": 10.485,
   "runtime": 117,
   "vote_average": 6.5,
   "vote_count": 705,
   "id": 10328,
   "director": "Ron Howard",
   "tagline": "Beyond the innocence of youth, and the wisdom of age, lies the wonder of... Cocoon",
   "genres": "[{'id': 35, 'name': 'Comedy'}, {'id': 18, 'name': 'Drama'}, {'id': 878, 'name': 'Science Fiction'}]",
   "director_id": 6159,
   "release_date": "21/06/1985",
   "Popular_set": "Popular",
   "genre1": "Science Fiction",
   "genre2": "",
   "genre3": "",
   "genre4": "",
   "genre5": "",
   "genre6": "",
   "genre7": "",
   "revenue_cat": "Low",
   "budget_cat": "Not reported",
   "year_release": 1985,
   "date_formatted": "6/21/1985"
 },
 {
   "film": "Gung Ho",
   "revenue": "36,611,610.00",
   "budget": 0,
   "language": "en",
   "popularity": 8.329,
   "runtime": 111,
   "vote_average": 6.1,
   "vote_count": 102,
   "id": 13698,
   "director": "Ron Howard",
   "tagline": "When East meets West, the laughs shift into high gear!",
   "genres": "[{'id': 35, 'name': 'Comedy'}, {'id': 18, 'name': 'Drama'}]",
   "director_id": 6159,
   "release_date": "13/03/1986",
   "Popular_set": "Not popular",
   "genre1": "Comedy",
   "genre2": "Drama",
   "genre3": "",
   "genre4": "",
   "genre5": "",
   "genre6": "",
   "genre7": "",
   "revenue_cat": "Low",
   "budget_cat": "Not reported",
   "year_release": 1986,
   "date_formatted": "3/13/1986"
 },
 {
   "film": "Willow",
   "revenue": "57,269,863.00",
   "budget": 35000000,
   "language": "en",
   "popularity": 14.51,
   "runtime": 126,
   "vote_average": 7,
   "vote_count": 1027,
   "id": 847,
   "director": "Ron Howard",
   "tagline": "Adventure doesn't come any bigger than this.",
   "genres": "[{'id': 28, 'name': 'Action'}, {'id': 12, 'name': 'Adventure'}, {'id': 14, 'name': 'Fantasy'}]",
   "director_id": 6159,
   "release_date": "01/05/1988",
   "Popular_set": "Popular",
   "genre1": "Action",
   "genre2": "Adventure",
   "genre3": "Fantasy",
   "genre4": "",
   "genre5": "",
   "genre6": "",
   "genre7": "",
   "revenue_cat": "Low",
   "budget_cat": "Medium",
   "year_release": 1988,
   "date_formatted": "5/1/1988"
 },
 {
   "film": "Parenthood",
   "revenue": "126,297,830.00",
   "budget": 0,
   "language": "en",
   "popularity": 10.479,
   "runtime": 124,
   "vote_average": 6.7,
   "vote_count": 344,
   "id": 1552,
   "director": "Ron Howard",
   "tagline": "A comedy about life, love and the gentle art of raising children.",
   "genres": "[{'id': 35, 'name': 'Comedy'}, {'id': 18, 'name': 'Drama'}, {'id': 10751, 'name': 'Family'}]",
   "director_id": 6159,
   "release_date": "31/07/1989",
   "Popular_set": "Not popular",
   "genre1": "Comedy",
   "genre2": "Drama",
   "genre3": "Family",
   "genre4": "",
   "genre5": "",
   "genre6": "",
   "genre7": "",
   "revenue_cat": "Medium",
   "budget_cat": "Not reported",
   "year_release": 1989,
   "date_formatted": "7/31/1989"
 },
 {
   "film": "Backdraft",
   "revenue": "152,368,585.00",
   "budget": 75000000,
   "language": "en",
   "popularity": 11.552,
   "runtime": 137,
   "vote_average": 6.6,
   "vote_count": 767,
   "id": 2924,
   "director": "Ron Howard",
   "tagline": "Silently behind a door, it waits.",
   "genres": "[{'id': 80, 'name': 'Crime'}, {'id': 18, 'name': 'Drama'}, {'id': 53, 'name': 'Thriller'}]",
   "director_id": 6159,
   "release_date": "24/05/1991",
   "Popular_set": "Popular",
   "genre1": "Crime",
   "genre2": "",
   "genre3": "",
   "genre4": "",
   "genre5": "",
   "genre6": "",
   "genre7": "",
   "revenue_cat": "Medium",
   "budget_cat": "Medium",
   "year_release": 1991,
   "date_formatted": "5/24/1991"
 },
 {
   "film": "Far and Away",
   "revenue": "137,783,840.00",
   "budget": 60000000,
   "language": "en",
   "popularity": 11.62,
   "runtime": 140,
   "vote_average": 6.7,
   "vote_count": 675,
   "id": 11259,
   "director": "Ron Howard",
   "tagline": "What they needed was a country big enough for their dreams.",
   "genres": "[{'id': 12, 'name': 'Adventure'}, {'id': 18, 'name': 'Drama'}, {'id': 10749, 'name': 'Romance'}, {'id': 37, 'name': 'Western'}]",
   "director_id": 6159,
   "release_date": "22/05/1992",
   "Popular_set": "Not popular",
   "genre1": "Adventure",
   "genre2": "Drama",
   "genre3": "Romance",
   "genre4": "Western",
   "genre5": "",
   "genre6": "",
   "genre7": "",
   "revenue_cat": "Medium",
   "budget_cat": "Medium",
   "year_release": 1992,
   "date_formatted": "5/22/1992"
 },
 {
   "film": "The Paper",
   "revenue": "0",
   "budget": 6000000,
   "language": "en",
   "popularity": 7.659,
   "runtime": 112,
   "vote_average": 6.6,
   "vote_count": 90,
   "id": 12280,
   "director": "Ron Howard",
   "tagline": "A behind-the-lines look at work, marriage and other forms of combat.",
   "genres": "[{'id': 35, 'name': 'Comedy'}, {'id': 18, 'name': 'Drama'}]",
   "director_id": 6159,
   "release_date": "18/03/1994",
   "Popular_set": "Not popular",
   "genre1": "Comedy",
   "genre2": "Drama",
   "genre3": "",
   "genre4": "",
   "genre5": "",
   "genre6": "",
   "genre7": "",
   "revenue_cat": "Not reported",
   "budget_cat": "Low",
   "year_release": 1994,
   "date_formatted": "3/18/1994"
 },
 {
   "film": "Apollo 13",
   "revenue": "355,237,933.00",
   "budget": 52000000,
   "language": "en",
   "popularity": 25.149,
   "runtime": 140,
   "vote_average": 7.4,
   "vote_count": 3454,
   "id": 568,
   "director": "Ron Howard",
   "tagline": "Houston, we have a problem.",
   "genres": "[{'id': 18, 'name': 'Drama'}, {'id': 36, 'name': 'History'}]",
   "director_id": 6159,
   "release_date": "30/06/1995",
   "Popular_set": "Popular",
   "genre1": "Drama",
   "genre2": "History",
   "genre3": "",
   "genre4": "",
   "genre5": "",
   "genre6": "",
   "genre7": "",
   "revenue_cat": "Medium",
   "budget_cat": "Medium",
   "year_release": 1995,
   "date_formatted": "6/30/1995"
 },
 {
   "film": "Ransom",
   "revenue": "309,492,681.00",
   "budget": 80000000,
   "language": "en",
   "popularity": 15.31,
   "runtime": 121,
   "vote_average": 6.6,
   "vote_count": 1006,
   "id": 3595,
   "director": "Ron Howard",
   "tagline": "Someone is going to pay.",
   "genres": "[{'id': 28, 'name': 'Action'}, {'id': 53, 'name': 'Thriller'}]",
   "director_id": 6159,
   "release_date": "08/11/1996",
   "Popular_set": "Not popular",
   "genre1": "Action",
   "genre2": "Thriller",
   "genre3": "",
   "genre4": "",
   "genre5": "",
   "genre6": "",
   "genre7": "",
   "revenue_cat": "Medium",
   "budget_cat": "High",
   "year_release": 1996,
   "date_formatted": "11/8/1996"
 },
 {
   "film": "Edtv",
   "revenue": "0",
   "budget": 80000000,
   "language": "en",
   "popularity": 10.856,
   "runtime": 122,
   "vote_average": 6,
   "vote_count": 377,
   "id": 11374,
   "director": "Ron Howard",
   "tagline": "Fame. Be careful. It's out there.",
   "genres": "[{'id': 35, 'name': 'Comedy'}]",
   "director_id": 6159,
   "release_date": "26/03/1999",
   "Popular_set": "Not popular",
   "genre1": "Comedy",
   "genre2": "",
   "genre3": "",
   "genre4": "",
   "genre5": "",
   "genre6": "",
   "genre7": "",
   "revenue_cat": "Not reported",
   "budget_cat": "High",
   "year_release": 1999,
   "date_formatted": "3/26/1999"
 },
 {
   "film": "How the Grinch Stole Christmas",
   "revenue": "345,141,403.00",
   "budget": 123000000,
   "language": "en",
   "popularity": 14.944,
   "runtime": 104,
   "vote_average": 6.6,
   "vote_count": 4330,
   "id": 8871,
   "director": "Ron Howard",
   "tagline": "He puts the mean in green.",
   "genres": "[{'id': 10751, 'name': 'Family'}, {'id': 35, 'name': 'Comedy'}, {'id': 14, 'name': 'Fantasy'}]",
   "director_id": 6159,
   "release_date": "17/11/2000",
   "Popular_set": "Not popular",
   "genre1": "Family",
   "genre2": "Comedy",
   "genre3": "Fantasy",
   "genre4": "",
   "genre5": "",
   "genre6": "",
   "genre7": "",
   "revenue_cat": "Medium",
   "budget_cat": "High",
   "year_release": 2000,
   "date_formatted": "11/17/2000"
 },
 {
   "film": "A Beautiful Mind",
   "revenue": "313,542,341.00",
   "budget": 60000000,
   "language": "en",
   "popularity": 20.555,
   "runtime": 135,
   "vote_average": 7.8,
   "vote_count": 6609,
   "id": 453,
   "director": "Ron Howard",
   "tagline": "He saw the world in a way no one could have imagined.",
   "genres": "[{'id': 18, 'name': 'Drama'}, {'id': 10749, 'name': 'Romance'}]",
   "director_id": 6159,
   "release_date": "11/12/2001",
   "Popular_set": "Popular",
   "genre1": "Drama",
   "genre2": "Romance",
   "genre3": "",
   "genre4": "",
   "genre5": "",
   "genre6": "",
   "genre7": "",
   "revenue_cat": "Medium",
   "budget_cat": "Medium",
   "year_release": 2001,
   "date_formatted": "12/11/2001"
 },
 {
   "film": "The Missing",
   "revenue": "0",
   "budget": 60000000,
   "language": "en",
   "popularity": 11.643,
   "runtime": 135,
   "vote_average": 6.3,
   "vote_count": 334,
   "id": 12146,
   "director": "Ron Howard",
   "tagline": "How far would you go, how much would you sacrifice to get back what you have lost?",
   "genres": "[{'id': 53, 'name': 'Thriller'}, {'id': 37, 'name': 'Western'}, {'id': 12, 'name': 'Adventure'}]",
   "director_id": 6159,
   "release_date": "26/11/2003",
   "Popular_set": "Not popular",
   "genre1": "Thriller",
   "genre2": "Western",
   "genre3": "Adventure",
   "genre4": "",
   "genre5": "",
   "genre6": "",
   "genre7": "",
   "revenue_cat": "Not reported",
   "budget_cat": "Medium",
   "year_release": 2003,
   "date_formatted": "11/26/2003"
 },
 {
   "film": "Cinderella Man",
   "revenue": "108,539,911.00",
   "budget": 88000000,
   "language": "en",
   "popularity": 10.556,
   "runtime": 144,
   "vote_average": 7.5,
   "vote_count": 1320,
   "id": 921,
   "director": "Ron Howard",
   "tagline": "One man's extraordinary fight to save the family he loved.",
   "genres": "[{'id': 10749, 'name': 'Romance'}, {'id': 18, 'name': 'Drama'}, {'id': 36, 'name': 'History'}]",
   "director_id": 6159,
   "release_date": "02/06/2005",
   "Popular_set": "Not popular",
   "genre1": "Romance",
   "genre2": "Drama",
   "genre3": "History",
   "genre4": "",
   "genre5": "",
   "genre6": "",
   "genre7": "",
   "revenue_cat": "Medium",
   "budget_cat": "High",
   "year_release": 2005,
   "date_formatted": "6/2/2005"
 },
 {
   "film": "The Da Vinci Code",
   "revenue": "767,820,459.00",
   "budget": 125000000,
   "language": "en",
   "popularity": 19.848,
   "runtime": 149,
   "vote_average": 6.7,
   "vote_count": 6168,
   "id": 591,
   "director": "Ron Howard",
   "tagline": "Seek the truth",
   "genres": "[{'id': 53, 'name': 'Thriller'}, {'id': 9648, 'name': 'Mystery'}]",
   "director_id": 6159,
   "release_date": "17/05/2006",
   "Popular_set": "Popular",
   "genre1": "Mystery",
   "genre2": "Thriller",
   "genre3": "",
   "genre4": "",
   "genre5": "",
   "genre6": "",
   "genre7": "",
   "revenue_cat": "High",
   "budget_cat": "High",
   "year_release": 2006,
   "date_formatted": "5/17/2006"
 },
 {
   "film": "Frost/Nixon",
   "revenue": "18,593,156.00",
   "budget": 25000000,
   "language": "en",
   "popularity": 9.333,
   "runtime": 122,
   "vote_average": 7.3,
   "vote_count": 698,
   "id": 11499,
   "director": "Ron Howard",
   "tagline": "400 million people were waiting for the truth.",
   "genres": "[{'id': 18, 'name': 'Drama'}, {'id': 36, 'name': 'History'}]",
   "director_id": 6159,
   "release_date": "15/10/2008",
   "Popular_set": "Not popular",
   "genre1": "Drama",
   "genre2": "History",
   "genre3": "",
   "genre4": "",
   "genre5": "",
   "genre6": "",
   "genre7": "",
   "revenue_cat": "Low",
   "budget_cat": "Medium",
   "year_release": 2008,
   "date_formatted": "10/15/2008"
 },
 {
   "film": "Angels & Demons",
   "revenue": "356,613,439.00",
   "budget": 150000000,
   "language": "en",
   "popularity": 22.195,
   "runtime": 138,
   "vote_average": 6.6,
   "vote_count": 4622,
   "id": 13448,
   "director": "Ron Howard",
   "tagline": "The holiest event of our time. Perfect for their return.",
   "genres": "[{'id': 53, 'name': 'Thriller'}, {'id': 9648, 'name': 'Mystery'}]",
   "director_id": 6159,
   "release_date": "13/05/2009",
   "Popular_set": "Popular",
   "genre1": "Mystery",
   "genre2": "Thriller",
   "genre3": "",
   "genre4": "",
   "genre5": "",
   "genre6": "",
   "genre7": "",
   "revenue_cat": "Medium",
   "budget_cat": "High",
   "year_release": 2009,
   "date_formatted": "5/13/2009"
 },
 {
   "film": "The Dilemma",
   "revenue": "67,112,664.00",
   "budget": 70000000,
   "language": "en",
   "popularity": 10.305,
   "runtime": 111,
   "vote_average": 5.3,
   "vote_count": 570,
   "id": 44564,
   "director": "Ron Howard",
   "tagline": "Two best friends. Nothing could come between them... or could it?",
   "genres": "[{'id': 35, 'name': 'Comedy'}, {'id': 18, 'name': 'Drama'}]",
   "director_id": 6159,
   "release_date": "13/01/2011",
   "Popular_set": "Not popular",
   "genre1": "Comedy",
   "genre2": "Drama",
   "genre3": "",
   "genre4": "",
   "genre5": "",
   "genre6": "",
   "genre7": "",
   "revenue_cat": "Low",
   "budget_cat": "Medium",
   "year_release": 2011,
   "date_formatted": "1/13/2011"
 },
 {
   "film": "Rush",
   "revenue": "90,247,624.00",
   "budget": 38000000,
   "language": "en",
   "popularity": 17.984,
   "runtime": 123,
   "vote_average": 7.7,
   "vote_count": 4586,
   "id": 96721,
   "director": "Ron Howard",
   "tagline": "Everyone's driven by something.",
   "genres": "[{'id': 18, 'name': 'Drama'}, {'id': 28, 'name': 'Action'}]",
   "director_id": 6159,
   "release_date": "02/09/2013",
   "Popular_set": "Not popular",
   "genre1": "Drama",
   "genre2": "Action",
   "genre3": "",
   "genre4": "",
   "genre5": "",
   "genre6": "",
   "genre7": "",
   "revenue_cat": "Low",
   "budget_cat": "Medium",
   "year_release": 2013,
   "date_formatted": "9/2/2013"
 },
 {
   "film": "In the Heart of the Sea",
   "revenue": "93,820,758.00",
   "budget": 100000000,
   "language": "en",
   "popularity": 18.651,
   "runtime": 122,
   "vote_average": 6.6,
   "vote_count": 2588,
   "id": 205775,
   "director": "Ron Howard",
   "tagline": "Based on the incredible true story that inspired Moby Dick",
   "genres": "[{'id': 53, 'name': 'Thriller'}, {'id': 18, 'name': 'Drama'}, {'id': 12, 'name': 'Adventure'}, {'id': 28, 'name': 'Action'}, {'id': 36, 'name': 'History'}]",
   "director_id": 6159,
   "release_date": "20/11/2015",
   "Popular_set": "Not popular",
   "genre1": "Thriller",
   "genre2": "Drama",
   "genre3": "Adventure",
   "genre4": "Action",
   "genre5": "History",
   "genre6": "",
   "genre7": "",
   "revenue_cat": "Low",
   "budget_cat": "High",
   "year_release": 2015,
   "date_formatted": "11/20/2015"
 },
 {
   "film": "The Beatles: Eight Days a Week - The Touring Years",
   "revenue": "12,283,800.00",
   "budget": 0,
   "language": "en",
   "popularity": 11.165,
   "runtime": 99,
   "vote_average": 7.7,
   "vote_count": 190,
   "id": 391698,
   "director": "Ron Howard",
   "tagline": "The band you know. The story you don't.",
   "genres": "[{'id': 99, 'name': 'Documentary'}, {'id': 10402, 'name': 'Music'}]",
   "director_id": 6159,
   "release_date": "15/09/2016",
   "Popular_set": "Not popular",
   "genre1": "Documentary",
   "genre2": "Music",
   "genre3": "",
   "genre4": "",
   "genre5": "",
   "genre6": "",
   "genre7": "",
   "revenue_cat": "Low",
   "budget_cat": "Not reported",
   "year_release": 2016,
   "date_formatted": "9/15/2016"
 },
 {
   "film": "Inferno",
   "revenue": "220,021,259.00",
   "budget": 75000000,
   "language": "en",
   "popularity": 18.832,
   "runtime": 121,
   "vote_average": 5.9,
   "vote_count": 4481,
   "id": 207932,
   "director": "Ron Howard",
   "tagline": "His greatest challenge. Humanity's last hope.",
   "genres": "[{'id': 9648, 'name': 'Mystery'}, {'id': 53, 'name': 'Thriller'}, {'id': 18, 'name': 'Drama'}]",
   "director_id": 6159,
   "release_date": "13/10/2016",
   "Popular_set": "Not popular",
   "genre1": "Mistery",
   "genre2": "Thriller",
   "genre3": "Drama",
   "genre4": "",
   "genre5": "",
   "genre6": "",
   "genre7": "",
   "revenue_cat": "Medium",
   "budget_cat": "Medium",
   "year_release": 2016,
   "date_formatted": "10/13/2016"
 },
 {
   "film": "Solo: A Star Wars Story",
   "revenue": "392,952,373.00",
   "budget": 250000000,
   "language": "en",
   "popularity": 37.412,
   "runtime": 135,
   "vote_average": 6.6,
   "vote_count": 5230,
   "id": 348350,
   "director": "Ron Howard",
   "tagline": "Never tell him the odds.",
   "genres": "[{'id': 12, 'name': 'Adventure'}, {'id': 878, 'name': 'Science Fiction'}]",
   "director_id": 6159,
   "release_date": "15/05/2018",
   "Popular_set": "Popular",
   "genre1": "Adventure",
   "genre2": "Science Fiction",
   "genre3": "",
   "genre4": "",
   "genre5": "",
   "genre6": "",
   "genre7": "",
   "revenue_cat": "Medium",
   "budget_cat": "Very high",
   "year_release": 2018,
   "date_formatted": "5/15/2018"
 },
 {
   "film": "Alienï¿½",
   "revenue": "159,773,545.00",
   "budget": 50000000,
   "language": "en",
   "popularity": 16.075,
   "runtime": 114,
   "vote_average": 6.3,
   "vote_count": 3332,
   "id": 8077,
   "director": "David Fincher",
   "tagline": "The bitch is back.",
   "genres": "[{'id': 878, 'name': 'Science Fiction'}, {'id': 28, 'name': 'Action'}, {'id': 27, 'name': 'Horror'}]",
   "director_id": 7467,
   "release_date": "22/05/1992",
   "Popular_set": "Popular",
   "genre1": "Action",
   "genre2": "Horror",
   "genre3": "Science Fiction",
   "genre4": "",
   "genre5": "",
   "genre6": "",
   "genre7": "",
   "revenue_cat": "Medium",
   "budget_cat": "Medium",
   "year_release": 1992,
   "date_formatted": "5/22/1992"
 },
 {
   "film": "Se7en",
   "revenue": "327,311,859.00",
   "budget": 33000000,
   "language": "en",
   "popularity": 33.316,
   "runtime": 127,
   "vote_average": 8.3,
   "vote_count": 12882,
   "id": 807,
   "director": "David Fincher",
   "tagline": "Seven deadly sins. Seven ways to die.",
   "genres": "[{'id': 80, 'name': 'Crime'}, {'id': 9648, 'name': 'Mystery'}, {'id': 53, 'name': 'Thriller'}]",
   "director_id": 7467,
   "release_date": "22/09/1995",
   "Popular_set": "Popular",
   "genre1": "Crime",
   "genre2": "Mystery",
   "genre3": "Thriller",
   "genre4": "",
   "genre5": "",
   "genre6": "",
   "genre7": "",
   "revenue_cat": "Medium",
   "budget_cat": "Medium",
   "year_release": 1995,
   "date_formatted": "9/22/1995"
 },
 {
   "film": "The Game",
   "revenue": "109,423,648.00",
   "budget": 50000000,
   "language": "en",
   "popularity": 15.818,
   "runtime": 129,
   "vote_average": 7.6,
   "vote_count": 3512,
   "id": 2649,
   "director": "David Fincher",
   "tagline": "What do you get for the man who has everything?",
   "genres": "[{'id': 18, 'name': 'Drama'}, {'id': 53, 'name': 'Thriller'}, {'id': 9648, 'name': 'Mystery'}]",
   "director_id": 7467,
   "release_date": "12/09/1997",
   "Popular_set": "Popular",
   "genre1": "Drama",
   "genre2": "Mystery",
   "genre3": "Thriller",
   "genre4": "",
   "genre5": "",
   "genre6": "",
   "genre7": "",
   "revenue_cat": "Medium",
   "budget_cat": "Medium",
   "year_release": 1997,
   "date_formatted": "9/12/1997"
 },
 {
   "film": "Fight Club",
   "revenue": "100,853,753.00",
   "budget": 63000000,
   "language": "en",
   "popularity": 40.318,
   "runtime": 139,
   "vote_average": 8.4,
   "vote_count": 19131,
   "id": 550,
   "director": "David Fincher",
   "tagline": "Mischief. Mayhem. Soap.",
   "genres": "[{'id': 18, 'name': 'Drama'}]",
   "director_id": 7467,
   "release_date": "15/10/1999",
   "Popular_set": "Popular",
   "genre1": "Drama",
   "genre2": "",
   "genre3": "",
   "genre4": "",
   "genre5": "",
   "genre6": "",
   "genre7": "",
   "revenue_cat": "Medium",
   "budget_cat": "Medium",
   "year_release": 1999,
   "date_formatted": "10/15/1999"
 },
 {
   "film": "Panic Room",
   "revenue": "196,397,415.00",
   "budget": 48000000,
   "language": "en",
   "popularity": 13.163,
   "runtime": 111,
   "vote_average": 6.7,
   "vote_count": 2976,
   "id": 4547,
   "director": "David Fincher",
   "tagline": "",
   "genres": "[{'id': 80, 'name': 'Crime'}, {'id': 18, 'name': 'Drama'}, {'id': 53, 'name': 'Thriller'}]",
   "director_id": 7467,
   "release_date": "29/03/2002",
   "Popular_set": "Not popular",
   "genre1": "Crime",
   "genre2": "Drama",
   "genre3": "Thriller",
   "genre4": "",
   "genre5": "",
   "genre6": "",
   "genre7": "",
   "revenue_cat": "Medium",
   "budget_cat": "Medium",
   "year_release": 2002,
   "date_formatted": "3/29/2002"
 },
 {
   "film": "Zodiac",
   "revenue": "84,785,914.00",
   "budget": 65000000,
   "language": "en",
   "popularity": 21.633,
   "runtime": 157,
   "vote_average": 7.5,
   "vote_count": 5858,
   "id": 1949,
   "director": "David Fincher",
   "tagline": "There's more than one way to lose your life to a killer.",
   "genres": "[{'id': 80, 'name': 'Crime'}, {'id': 18, 'name': 'Drama'}, {'id': 9648, 'name': 'Mystery'}, {'id': 53, 'name': 'Thriller'}]",
   "director_id": 7467,
   "release_date": "02/03/2007",
   "Popular_set": "Popular",
   "genre1": "Crime",
   "genre2": "Drama",
   "genre3": "Mystery",
   "genre4": "Thriller",
   "genre5": "",
   "genre6": "",
   "genre7": "",
   "revenue_cat": "Low",
   "budget_cat": "Medium",
   "year_release": 2007,
   "date_formatted": "3/2/2007"
 },
 {
   "film": "The Curious Case of Benjamin Button",
   "revenue": "333,932,083.00",
   "budget": 150000000,
   "language": "en",
   "popularity": 20.1,
   "runtime": 166,
   "vote_average": 7.5,
   "vote_count": 8184,
   "id": 4922,
   "director": "David Fincher",
   "tagline": "Life isn't measured in minutes, but in moments.",
   "genres": "[{'id': 14, 'name': 'Fantasy'}, {'id': 18, 'name': 'Drama'}, {'id': 53, 'name': 'Thriller'}, {'id': 9648, 'name': 'Mystery'}, {'id': 10749, 'name': 'Romance'}]",
   "director_id": 7467,
   "release_date": "25/12/2008",
   "Popular_set": "Popular",
   "genre1": "Drama",
   "genre2": "Fantasy",
   "genre3": "Mystery",
   "genre4": "Thriller",
   "genre5": "Romance",
   "genre6": "",
   "genre7": "",
   "revenue_cat": "Medium",
   "budget_cat": "High",
   "year_release": 2008,
   "date_formatted": "12/25/2008"
 },
 {
   "film": "The Social Network",
   "revenue": "224,920,315.00",
   "budget": 40000000,
   "language": "en",
   "popularity": 22.428,
   "runtime": 121,
   "vote_average": 7.3,
   "vote_count": 7488,
   "id": 37799,
   "director": "David Fincher",
   "tagline": "You don't get to 500 million friends without making a few enemies.",
   "genres": "[{'id': 18, 'name': 'Drama'}]",
   "director_id": 7467,
   "release_date": "01/10/2010",
   "Popular_set": "Popular",
   "genre1": "Drama",
   "genre2": "",
   "genre3": "",
   "genre4": "",
   "genre5": "",
   "genre6": "",
   "genre7": "",
   "revenue_cat": "Medium",
   "budget_cat": "Medium",
   "year_release": 2010,
   "date_formatted": "10/1/2010"
 },
 {
   "film": "The Girl with the Dragon Tattoo",
   "revenue": "232,617,430.00",
   "budget": 90000000,
   "language": "en",
   "popularity": 19.26,
   "runtime": 158,
   "vote_average": 7.3,
   "vote_count": 4574,
   "id": 65754,
   "director": "David Fincher",
   "tagline": "Evil shall with evil be expelled.",
   "genres": "[{'id': 53, 'name': 'Thriller'}, {'id': 80, 'name': 'Crime'}, {'id': 9648, 'name': 'Mystery'}, {'id': 18, 'name': 'Drama'}]",
   "director_id": 7467,
   "release_date": "14/12/2011",
   "Popular_set": "Popular",
   "genre1": "Crime",
   "genre2": "Drama",
   "genre3": "Mystery",
   "genre4": "Thriller",
   "genre5": "",
   "genre6": "",
   "genre7": "",
   "revenue_cat": "Medium",
   "budget_cat": "High",
   "year_release": 2011,
   "date_formatted": "12/14/2011"
 },
 {
   "film": "Gone Girl",
   "revenue": "369,330,363.00",
   "budget": 61000000,
   "language": "en",
   "popularity": 37.514,
   "runtime": 149,
   "vote_average": 7.9,
   "vote_count": 12494,
   "id": 210577,
   "director": "David Fincher",
   "tagline": "You don't know what you've got 'til it's...",
   "genres": "[{'id': 9648, 'name': 'Mystery'}, {'id': 53, 'name': 'Thriller'}, {'id': 18, 'name': 'Drama'}]",
   "director_id": 7467,
   "release_date": "01/10/2014",
   "Popular_set": "Popular",
   "genre1": "Drama",
   "genre2": "Mystery",
   "genre3": "Thriller",
   "genre4": "",
   "genre5": "",
   "genre6": "",
   "genre7": "",
   "revenue_cat": "Medium",
   "budget_cat": "Medium",
   "year_release": 2014,
   "date_formatted": "10/1/2014"
 },
 {
   "film": "Adventures in Babysitting",
   "revenue": "34,368,475.00",
   "budget": 0,
   "language": "en",
   "popularity": 12.016,
   "runtime": 102,
   "vote_average": 6.8,
   "vote_count": 335,
   "id": 14367,
   "director": "Chris Columbus",
   "tagline": "She thought babysitting was easy money - until she started hanging out with the Andersons.",
   "genres": "[{'id': 35, 'name': 'Comedy'}]",
   "director_id": 10965,
   "release_date": "01/07/1987",
   "Popular_set": "Popular",
   "genre1": "Comedy",
   "genre2": "",
   "genre3": "",
   "genre4": "",
   "genre5": "",
   "genre6": "",
   "genre7": "",
   "revenue_cat": "Low",
   "budget_cat": "Not reported",
   "year_release": 1987,
   "date_formatted": "7/1/1987"
 },
 {
   "film": "Home Alone",
   "revenue": "476,684,675.00",
   "budget": 18000000,
   "language": "en",
   "popularity": 0.875,
   "runtime": 103,
   "vote_average": 7.3,
   "vote_count": 6623,
   "id": 771,
   "director": "Chris Columbus",
   "tagline": "A Family Comedy Without the Family.",
   "genres": "[{'id': 35, 'name': 'Comedy'}, {'id': 10751, 'name': 'Family'}]",
   "director_id": 10965,
   "release_date": "09/11/1990",
   "Popular_set": "Not popular",
   "genre1": "Comedy",
   "genre2": "Family",
   "genre3": "",
   "genre4": "",
   "genre5": "",
   "genre6": "",
   "genre7": "",
   "revenue_cat": "High",
   "budget_cat": "Low",
   "year_release": 1990,
   "date_formatted": "11/9/1990"
 },
 {
   "film": "Only the Lonely",
   "revenue": "21,830,957.00",
   "budget": 0,
   "language": "en",
   "popularity": 5.593,
   "runtime": 104,
   "vote_average": 6,
   "vote_count": 76,
   "id": 2611,
   "director": "Chris Columbus",
   "tagline": "The Man, The Woman, The Mother.",
   "genres": "[{'id': 35, 'name': 'Comedy'}, {'id': 10749, 'name': 'Romance'}]",
   "director_id": 10965,
   "release_date": "24/05/1991",
   "Popular_set": "Not popular",
   "genre1": "Comedy",
   "genre2": "Romance",
   "genre3": "",
   "genre4": "",
   "genre5": "",
   "genre6": "",
   "genre7": "",
   "revenue_cat": "Low",
   "budget_cat": "Not reported",
   "year_release": 1991,
   "date_formatted": "5/24/1991"
 },
 {
   "film": "Home Alone 2: Lost in New York",
   "revenue": "358,994,850.00",
   "budget": 18000000,
   "language": "en",
   "popularity": 19.717,
   "runtime": 120,
   "vote_average": 6.6,
   "vote_count": 6029,
   "id": 772,
   "director": "Chris Columbus",
   "tagline": "He's up past his bedtime in the city that never sleeps.",
   "genres": "[{'id': 35, 'name': 'Comedy'}, {'id': 10751, 'name': 'Family'}, {'id': 12, 'name': 'Adventure'}, {'id': 80, 'name': 'Crime'}]",
   "director_id": 10965,
   "release_date": "19/11/1992",
   "Popular_set": "Popular",
   "genre1": "Comedy",
   "genre2": "Family",
   "genre3": "Adventure",
   "genre4": "Crime",
   "genre5": "",
   "genre6": "",
   "genre7": "",
   "revenue_cat": "Medium",
   "budget_cat": "Low",
   "year_release": 1992,
   "date_formatted": "11/19/1992"
 },
 {
   "film": "Mrs. Doubtfire",
   "revenue": "441,286,195.00",
   "budget": 25000000,
   "language": "en",
   "popularity": 12.971,
   "runtime": 125,
   "vote_average": 7.2,
   "vote_count": 3953,
   "id": 788,
   "director": "Chris Columbus",
   "tagline": "She makes dinner. She does windows. She reads bedtime stories. She's a blessing... in disguise.",
   "genres": "[{'id': 35, 'name': 'Comedy'}, {'id': 18, 'name': 'Drama'}, {'id': 10751, 'name': 'Family'}]",
   "director_id": 10965,
   "release_date": "24/11/1993",
   "Popular_set": "Popular",
   "genre1": "Comedy",
   "genre2": "Drama",
   "genre3": "Family",
   "genre4": "",
   "genre5": "",
   "genre6": "",
   "genre7": "",
   "revenue_cat": "High",
   "budget_cat": "Medium",
   "year_release": 1993,
   "date_formatted": "11/24/1993"
 },
 {
   "film": "Nine Months",
   "revenue": "69,660,733.00",
   "budget": 0,
   "language": "en",
   "popularity": 9.654,
   "runtime": 103,
   "vote_average": 5.6,
   "vote_count": 373,
   "id": 11472,
   "director": "Chris Columbus",
   "tagline": "Ready or Not.",
   "genres": "[{'id': 10749, 'name': 'Romance'}, {'id': 35, 'name': 'Comedy'}]",
   "director_id": 10965,
   "release_date": "12/07/1995",
   "Popular_set": "Not popular",
   "genre1": "Romance",
   "genre2": "Comedy",
   "genre3": "",
   "genre4": "",
   "genre5": "",
   "genre6": "",
   "genre7": "",
   "revenue_cat": "Low",
   "budget_cat": "Not reported",
   "year_release": 1995,
   "date_formatted": "7/12/1995"
 },
 {
   "film": "Stepmom",
   "revenue": "159,710,793.00",
   "budget": 50000000,
   "language": "en",
   "popularity": 13.507,
   "runtime": 124,
   "vote_average": 7,
   "vote_count": 779,
   "id": 9441,
   "director": "Chris Columbus",
   "tagline": "Be there for the joy. Be there for the tears. Be there for each other.",
   "genres": "[{'id': 18, 'name': 'Drama'}, {'id': 10749, 'name': 'Romance'}, {'id': 35, 'name': 'Comedy'}]",
   "director_id": 10965,
   "release_date": "29/01/1998",
   "Popular_set": "Not popular",
   "genre1": "Drama",
   "genre2": "Romance",
   "genre3": "Comedy",
   "genre4": "",
   "genre5": "",
   "genre6": "",
   "genre7": "",
   "revenue_cat": "Medium",
   "budget_cat": "Medium",
   "year_release": 1998,
   "date_formatted": "1/29/1998"
 },
 {
   "film": "Bicentennial Man",
   "revenue": "0",
   "budget": 100000000,
   "language": "en",
   "popularity": 11.968,
   "runtime": 131,
   "vote_average": 7.2,
   "vote_count": 2312,
   "id": 2277,
   "director": "Chris Columbus",
   "tagline": "One robot's 200 year journey to become an ordinary man.",
   "genres": "[{'id': 35, 'name': 'Comedy'}, {'id': 878, 'name': 'Science Fiction'}, {'id': 18, 'name': 'Drama'}]",
   "director_id": 10965,
   "release_date": "17/12/1999",
   "Popular_set": "Popular",
   "genre1": "Comedy",
   "genre2": "Science Fiction",
   "genre3": "Drama",
   "genre4": "",
   "genre5": "",
   "genre6": "",
   "genre7": "",
   "revenue_cat": "Not reported",
   "budget_cat": "High",
   "year_release": 1999,
   "date_formatted": "12/17/1999"
 },
 {
   "film": "Harry Potter and the Philosopher's Stone",
   "revenue": "976,475,550.00",
   "budget": 125000000,
   "language": "en",
   "popularity": 67.413,
   "runtime": 152,
   "vote_average": 7.9,
   "vote_count": 16790,
   "id": 671,
   "director": "Chris Columbus",
   "tagline": "Let the Magic Begin.",
   "genres": "[{'id': 12, 'name': 'Adventure'}, {'id': 14, 'name': 'Fantasy'}, {'id': 10751, 'name': 'Family'}]",
   "director_id": 10965,
   "release_date": "16/11/2001",
   "Popular_set": "Popular",
   "genre1": "Adventure",
   "genre2": "Fantasy",
   "genre3": "Family",
   "genre4": "",
   "genre5": "",
   "genre6": "",
   "genre7": "",
   "revenue_cat": "Very high",
   "budget_cat": "High",
   "year_release": 2001,
   "date_formatted": "11/16/2001"
 },
 {
   "film": "Harry Potter and the Chamber of Secrets",
   "revenue": "876,688,482.00",
   "budget": 100000000,
   "language": "en",
   "popularity": 52.142,
   "runtime": 161,
   "vote_average": 7.7,
   "vote_count": 14092,
   "id": 672,
   "director": "Chris Columbus",
   "tagline": "Hogwarts is back in session.",
   "genres": "[{'id': 12, 'name': 'Adventure'}, {'id': 14, 'name': 'Fantasy'}]",
   "director_id": 10965,
   "release_date": "13/11/2002",
   "Popular_set": "Popular",
   "genre1": "Adventure",
   "genre2": "Fantasy",
   "genre3": "",
   "genre4": "",
   "genre5": "",
   "genre6": "",
   "genre7": "",
   "revenue_cat": "Very high",
   "budget_cat": "High",
   "year_release": 2002,
   "date_formatted": "11/13/2002"
 },
 {
   "film": "Rent",
   "revenue": "31,670,620.00",
   "budget": 40000000,
   "language": "en",
   "popularity": 9.728,
   "runtime": 135,
   "vote_average": 6.9,
   "vote_count": 374,
   "id": 1833,
   "director": "Chris Columbus",
   "tagline": "No day but today.",
   "genres": "[{'id': 18, 'name': 'Drama'}, {'id': 10749, 'name': 'Romance'}]",
   "director_id": 10965,
   "release_date": "17/11/2005",
   "Popular_set": "Not popular",
   "genre1": "Drama",
   "genre2": "Romance",
   "genre3": "",
   "genre4": "",
   "genre5": "",
   "genre6": "",
   "genre7": "",
   "revenue_cat": "Low",
   "budget_cat": "Medium",
   "year_release": 2005,
   "date_formatted": "11/17/2005"
 },
 {
   "film": "I Love You, Beth Cooper",
   "revenue": "15,345,201.00",
   "budget": 18000000,
   "language": "en",
   "popularity": 10.931,
   "runtime": 102,
   "vote_average": 5.5,
   "vote_count": 481,
   "id": 19840,
   "director": "Chris Columbus",
   "tagline": "Popularity is nice. Popular girls are not.",
   "genres": "[{'id': 35, 'name': 'Comedy'}, {'id': 10749, 'name': 'Romance'}]",
   "director_id": 10965,
   "release_date": "10/07/2009",
   "Popular_set": "Not popular",
   "genre1": "Comedy",
   "genre2": "Romance",
   "genre3": "",
   "genre4": "",
   "genre5": "",
   "genre6": "",
   "genre7": "",
   "revenue_cat": "Low",
   "budget_cat": "Low",
   "year_release": 2009,
   "date_formatted": "7/10/2009"
 },
 {
   "film": "Percy Jackson & the Olympians: The Lightning Thief",
   "revenue": "226,497,209.00",
   "budget": 95000000,
   "language": "en",
   "popularity": 24.229,
   "runtime": 119,
   "vote_average": 6.2,
   "vote_count": 5096,
   "id": 32657,
   "director": "Chris Columbus",
   "tagline": "Worlds Collide",
   "genres": "[{'id': 12, 'name': 'Adventure'}, {'id': 14, 'name': 'Fantasy'}, {'id': 10751, 'name': 'Family'}]",
   "director_id": 10965,
   "release_date": "01/02/2010",
   "Popular_set": "Popular",
   "genre1": "Adventure",
   "genre2": "Fantasy",
   "genre3": "Family",
   "genre4": "",
   "genre5": "",
   "genre6": "",
   "genre7": "",
   "revenue_cat": "Medium",
   "budget_cat": "High",
   "year_release": 2010,
   "date_formatted": "2/1/2010"
 },
 {
   "film": "Pixels",
   "revenue": "243,637,091.00",
   "budget": 88000000,
   "language": "en",
   "popularity": 23.635,
   "runtime": 105,
   "vote_average": 5.6,
   "vote_count": 5103,
   "id": 257344,
   "director": "Chris Columbus",
   "tagline": "Game On.",
   "genres": "[{'id': 28, 'name': 'Action'}, {'id': 35, 'name': 'Comedy'}, {'id': 878, 'name': 'Science Fiction'}]",
   "director_id": 10965,
   "release_date": "16/07/2015",
   "Popular_set": "Popular",
   "genre1": "Action",
   "genre2": "Comedy",
   "genre3": "Science Fiction",
   "genre4": "",
   "genre5": "",
   "genre6": "",
   "genre7": "",
   "revenue_cat": "Medium",
   "budget_cat": "High",
   "year_release": 2015,
   "date_formatted": "7/16/2015"
 },
 {
   "film": "Dark Star",
   "revenue": "0",
   "budget": 60000,
   "language": "en",
   "popularity": 7.521,
   "runtime": 83,
   "vote_average": 6.1,
   "vote_count": 241,
   "id": 1410,
   "director": "John Carpenter",
   "tagline": "What Do You Say To A Talking Bomb? All Systems Snafu!!!",
   "genres": "[{'id': 35, 'name': 'Comedy'}, {'id': 878, 'name': 'Science Fiction'}]",
   "director_id": 11770,
   "release_date": "01/04/1974",
   "Popular_set": "Popular",
   "genre1": "Comedy",
   "genre2": "Science Fiction",
   "genre3": "",
   "genre4": "",
   "genre5": "",
   "genre6": "",
   "genre7": "",
   "revenue_cat": "Not reported",
   "budget_cat": "Low",
   "year_release": 1974,
   "date_formatted": "4/1/1974"
 },
 {
   "film": "Assault on Precinct 13",
   "revenue": "0",
   "budget": 150000,
   "language": "en",
   "popularity": 10.77,
   "runtime": 91,
   "vote_average": 7.3,
   "vote_count": 526,
   "id": 17814,
   "director": "John Carpenter",
   "tagline": "L.A.'s deadliest street gang just declared war on the cops.",
   "genres": "[{'id': 53, 'name': 'Thriller'}, {'id': 28, 'name': 'Action'}, {'id': 80, 'name': 'Crime'}]",
   "director_id": 11770,
   "release_date": "05/11/1976",
   "Popular_set": "Popular",
   "genre1": "Thriller",
   "genre2": "Action",
   "genre3": "Crime",
   "genre4": "",
   "genre5": "",
   "genre6": "",
   "genre7": "",
   "revenue_cat": "Not reported",
   "budget_cat": "Low",
   "year_release": 1976,
   "date_formatted": "11/5/1976"
 },
 {
   "film": "Halloween",
   "revenue": "0",
   "budget": 325000,
   "language": "en",
   "popularity": 21.174,
   "runtime": 91,
   "vote_average": 7.5,
   "vote_count": 2907,
   "id": 948,
   "director": "John Carpenter",
   "tagline": "The Night He Came Home!",
   "genres": "[{'id': 27, 'name': 'Horror'}, {'id': 53, 'name': 'Thriller'}]",
   "director_id": 11770,
   "release_date": "24/10/1978",
   "Popular_set": "Popular",
   "genre1": "Horror",
   "genre2": "Thriller",
   "genre3": "",
   "genre4": "",
   "genre5": "",
   "genre6": "",
   "genre7": "",
   "revenue_cat": "Not reported",
   "budget_cat": "Low",
   "year_release": 1978,
   "date_formatted": "10/24/1978"
 },
 {
   "film": "Someone's Watching Me!",
   "revenue": "0",
   "budget": 0,
   "language": "en",
   "popularity": 5.015,
   "runtime": 97,
   "vote_average": 6.3,
   "vote_count": 48,
   "id": 31428,
   "director": "John Carpenter",
   "tagline": "",
   "genres": "[{'id': 27, 'name': 'Horror'}, {'id': 9648, 'name': 'Mystery'}, {'id': 10770, 'name': 'TV Movie'}, {'id': 53, 'name': 'Thriller'}]",
   "director_id": 11770,
   "release_date": "27/11/1978",
   "Popular_set": "Not popular",
   "genre1": "Horror",
   "genre2": "Mistery",
   "genre3": "TV Movie",
   "genre4": "Thriller",
   "genre5": "",
   "genre6": "",
   "genre7": "",
   "revenue_cat": "Not reported",
   "budget_cat": "Not reported",
   "year_release": 1978,
   "date_formatted": "11/27/1978"
 },
 {
   "film": "Elvis",
   "revenue": "0",
   "budget": 2100000,
   "language": "en",
   "popularity": 4.336,
   "runtime": 150,
   "vote_average": 6.9,
   "vote_count": 33,
   "id": 40047,
   "director": "John Carpenter",
   "tagline": "The King lives on!",
   "genres": "[{'id': 18, 'name': 'Drama'}, {'id': 10402, 'name': 'Music'}, {'id': 10770, 'name': 'TV Movie'}]",
   "director_id": 11770,
   "release_date": "10/02/1979",
   "Popular_set": "Not popular",
   "genre1": "Drama",
   "genre2": "Music",
   "genre3": "TV Movie",
   "genre4": "",
   "genre5": "",
   "genre6": "",
   "genre7": "",
   "revenue_cat": "Not reported",
   "budget_cat": "Low",
   "year_release": 1979,
   "date_formatted": "2/10/1979"
 },
 {
   "film": "The Fog",
   "revenue": "21,378,361.00",
   "budget": 1000000,
   "language": "en",
   "popularity": 12.128,
   "runtime": 89,
   "vote_average": 6.6,
   "vote_count": 733,
   "id": 790,
   "director": "John Carpenter",
   "tagline": "Lock your doors. Bolt your windows. There's something in THE FOG!",
   "genres": "[{'id': 27, 'name': 'Horror'}]",
   "director_id": 11770,
   "release_date": "08/02/1980",
   "Popular_set": "Popular",
   "genre1": "Horror",
   "genre2": "",
   "genre3": "",
   "genre4": "",
   "genre5": "",
   "genre6": "",
   "genre7": "",
   "revenue_cat": "Low",
   "budget_cat": "Low",
   "year_release": 1980,
   "date_formatted": "2/8/1980"
 },
 {
   "film": "Escape from New York",
   "revenue": "50,244,700.00",
   "budget": 6000000,
   "language": "en",
   "popularity": 28.812,
   "runtime": 99,
   "vote_average": 7.1,
   "vote_count": 1682,
   "id": 1103,
   "director": "John Carpenter",
   "tagline": "New York is a disease. Meet the cure.",
   "genres": "[{'id': 878, 'name': 'Science Fiction'}, {'id': 28, 'name': 'Action'}]",
   "director_id": 11770,
   "release_date": "22/05/1981",
   "Popular_set": "Popular",
   "genre1": "Science Fiction",
   "genre2": "Action",
   "genre3": "",
   "genre4": "",
   "genre5": "",
   "genre6": "",
   "genre7": "",
   "revenue_cat": "Low",
   "budget_cat": "Low",
   "year_release": 1981,
   "date_formatted": "5/22/1981"
 },
 {
   "film": "The Thing",
   "revenue": "19,629,760.00",
   "budget": 15000000,
   "language": "en",
   "popularity": 18.963,
   "runtime": 109,
   "vote_average": 8,
   "vote_count": 3767,
   "id": 1091,
   "director": "John Carpenter",
   "tagline": "Man is The Warmest Place to Hide.",
   "genres": "[{'id': 27, 'name': 'Horror'}, {'id': 9648, 'name': 'Mystery'}, {'id': 878, 'name': 'Science Fiction'}]",
   "director_id": 11770,
   "release_date": "25/06/1982",
   "Popular_set": "Popular",
   "genre1": "Horror",
   "genre2": "Mystery",
   "genre3": "Science Fiction",
   "genre4": "",
   "genre5": "",
   "genre6": "",
   "genre7": "",
   "revenue_cat": "Low",
   "budget_cat": "Low",
   "year_release": 1982,
   "date_formatted": "6/25/1982"
 },
 {
   "film": "Christine",
   "revenue": "21,200,000.00",
   "budget": 0,
   "language": "en",
   "popularity": 12.529,
   "runtime": 110,
   "vote_average": 6.7,
   "vote_count": 984,
   "id": 8769,
   "director": "John Carpenter",
   "tagline": "How do you kill something that can't possibly be alive?",
   "genres": "[{'id': 27, 'name': 'Horror'}]",
   "director_id": 11770,
   "release_date": "11/05/1983",
   "Popular_set": "Popular",
   "genre1": "Horror",
   "genre2": "",
   "genre3": "",
   "genre4": "",
   "genre5": "",
   "genre6": "",
   "genre7": "",
   "revenue_cat": "Low",
   "budget_cat": "Not reported",
   "year_release": 1983,
   "date_formatted": "5/11/1983"
 },
 {
   "film": "Starman",
   "revenue": "28,744,356.00",
   "budget": 22000000,
   "language": "en",
   "popularity": 9.117,
   "runtime": 115,
   "vote_average": 6.8,
   "vote_count": 425,
   "id": 9663,
   "director": "John Carpenter",
   "tagline": "In 1977 Voyager II was launched into space, inviting all lifeforms in the universe to visit our planet. Get ready. Company's coming.",
   "genres": "[{'id': 10749, 'name': 'Romance'}, {'id': 878, 'name': 'Science Fiction'}]",
   "director_id": 11770,
   "release_date": "13/12/1984",
   "Popular_set": "Popular",
   "genre1": "Romance",
   "genre2": "Science Fiction",
   "genre3": "",
   "genre4": "",
   "genre5": "",
   "genre6": "",
   "genre7": "",
   "revenue_cat": "Low",
   "budget_cat": "Medium",
   "year_release": 1984,
   "date_formatted": "12/13/1984"
 },
 {
   "film": "Big Trouble in Little China",
   "revenue": "11,000,000.00",
   "budget": 25000000,
   "language": "en",
   "popularity": 13.151,
   "runtime": 99,
   "vote_average": 7.2,
   "vote_count": 1634,
   "id": 6978,
   "director": "John Carpenter",
   "tagline": "Adventure doesn't come any bigger!",
   "genres": "[{'id': 28, 'name': 'Action'}, {'id': 12, 'name': 'Adventure'}, {'id': 35, 'name': 'Comedy'}, {'id': 14, 'name': 'Fantasy'}]",
   "director_id": 11770,
   "release_date": "30/05/1986",
   "Popular_set": "Popular",
   "genre1": "Action",
   "genre2": "Adventure",
   "genre3": "Comedy",
   "genre4": "Fantasy",
   "genre5": "",
   "genre6": "",
   "genre7": "",
   "revenue_cat": "Low",
   "budget_cat": "Medium",
   "year_release": 1986,
   "date_formatted": "5/30/1986"
 },
 {
   "film": "Prince of Darkness",
   "revenue": "14,182,492.00",
   "budget": 3000000,
   "language": "en",
   "popularity": 9.554,
   "runtime": 101,
   "vote_average": 6.8,
   "vote_count": 454,
   "id": 8852,
   "director": "John Carpenter",
   "tagline": "Before man walked the earth...it slept for centuries. It is evil. It is real. It is awakening.",
   "genres": "[{'id': 27, 'name': 'Horror'}]",
   "director_id": 11770,
   "release_date": "23/10/1987",
   "Popular_set": "Popular",
   "genre1": "Horror",
   "genre2": "",
   "genre3": "",
   "genre4": "",
   "genre5": "",
   "genre6": "",
   "genre7": "",
   "revenue_cat": "Low",
   "budget_cat": "Low",
   "year_release": 1987,
   "date_formatted": "10/23/1987"
 },
 {
   "film": "They Live",
   "revenue": "13,008,928.00",
   "budget": 4000000,
   "language": "en",
   "popularity": 11.834,
   "runtime": 94,
   "vote_average": 7.2,
   "vote_count": 1365,
   "id": 8337,
   "director": "John Carpenter",
   "tagline": "You see them on the street. You watch them on TV. You might even vote for one this fall. You think they're people just like you. You're wrong. Dead wrong.",
   "genres": "[{'id': 878, 'name': 'Science Fiction'}, {'id': 28, 'name': 'Action'}]",
   "director_id": 11770,
   "release_date": "23/11/1988",
   "Popular_set": "Popular",
   "genre1": "Action",
   "genre2": "Science Fiction",
   "genre3": "",
   "genre4": "",
   "genre5": "",
   "genre6": "",
   "genre7": "",
   "revenue_cat": "Low",
   "budget_cat": "Low",
   "year_release": 1988,
   "date_formatted": "11/23/1988"
 },
 {
   "film": "Memoirs of an Invisible Man",
   "revenue": "14,358,033.00",
   "budget": 40000000,
   "language": "en",
   "popularity": 9.726,
   "runtime": 99,
   "vote_average": 6,
   "vote_count": 283,
   "id": 2687,
   "director": "John Carpenter",
   "tagline": "An adventure like you've never seen.",
   "genres": "[{'id': 35, 'name': 'Comedy'}, {'id': 14, 'name': 'Fantasy'}, {'id': 878, 'name': 'Science Fiction'}]",
   "director_id": 11770,
   "release_date": "28/02/1992",
   "Popular_set": "Not popular",
   "genre1": "Comedy",
   "genre2": "Fantasy",
   "genre3": "Science Fiction",
   "genre4": "",
   "genre5": "",
   "genre6": "",
   "genre7": "",
   "revenue_cat": "Low",
   "budget_cat": "Medium",
   "year_release": 1992,
   "date_formatted": "2/28/1992"
 },
 {
   "film": "Body Bags",
   "revenue": "0",
   "budget": 0,
   "language": "en",
   "popularity": 8.922,
   "runtime": 94,
   "vote_average": 6,
   "vote_count": 129,
   "id": 31578,
   "director": "John Carpenter",
   "tagline": "Zip yourself in tight!",
   "genres": "[{'id': 10770, 'name': 'TV Movie'}, {'id': 27, 'name': 'Horror'}]",
   "director_id": 11770,
   "release_date": "07/08/1993",
   "Popular_set": "Not popular",
   "genre1": "TV Movie",
   "genre2": "Horror",
   "genre3": "",
   "genre4": "",
   "genre5": "",
   "genre6": "",
   "genre7": "",
   "revenue_cat": "Not reported",
   "budget_cat": "Not reported",
   "year_release": 1993,
   "date_formatted": "8/7/1993"
 },
 {
   "film": "In the Mouth of Madness",
   "revenue": "8,946,600.00",
   "budget": 8000000,
   "language": "en",
   "popularity": 10.866,
   "runtime": 95,
   "vote_average": 7.2,
   "vote_count": 824,
   "id": 2654,
   "director": "John Carpenter",
   "tagline": "Lived Any Good Books Lately?",
   "genres": "[{'id': 27, 'name': 'Horror'}, {'id': 9648, 'name': 'Mystery'}, {'id': 53, 'name': 'Thriller'}]",
   "director_id": 11770,
   "release_date": "18/06/1994",
   "Popular_set": "Not popular",
   "genre1": "Horror",
   "genre2": "Mistery",
   "genre3": "Thriller",
   "genre4": "",
   "genre5": "",
   "genre6": "",
   "genre7": "",
   "revenue_cat": "Low",
   "budget_cat": "Low",
   "year_release": 1994,
   "date_formatted": "6/18/1994"
 },
 {
   "film": "Village of the Damned",
   "revenue": "0",
   "budget": 0,
   "language": "en",
   "popularity": 9.224,
   "runtime": 99,
   "vote_average": 5.9,
   "vote_count": 399,
   "id": 12122,
   "director": "John Carpenter",
   "tagline": "Beware the Children",
   "genres": "[{'id': 53, 'name': 'Thriller'}, {'id': 27, 'name': 'Horror'}, {'id': 878, 'name': 'Science Fiction'}]",
   "director_id": 11770,
   "release_date": "28/04/1995",
   "Popular_set": "Not popular",
   "genre1": "Thriller",
   "genre2": "Horror",
   "genre3": "Science Fiction",
   "genre4": "",
   "genre5": "",
   "genre6": "",
   "genre7": "",
   "revenue_cat": "Not reported",
   "budget_cat": "Not reported",
   "year_release": 1995,
   "date_formatted": "4/28/1995"
 },
 {
   "film": "Escape from L.A.",
   "revenue": "42,277,365.00",
   "budget": 50000000,
   "language": "en",
   "popularity": 14.027,
   "runtime": 97,
   "vote_average": 5.9,
   "vote_count": 797,
   "id": 10061,
   "director": "John Carpenter",
   "tagline": "Snake Is Back.",
   "genres": "[{'id': 28, 'name': 'Action'}, {'id': 12, 'name': 'Adventure'}, {'id': 878, 'name': 'Science Fiction'}, {'id': 53, 'name': 'Thriller'}]",
   "director_id": 11770,
   "release_date": "09/08/1996",
   "Popular_set": "Popular",
   "genre1": "Action",
   "genre2": "Adventure",
   "genre3": "Science Fiction",
   "genre4": "Thriller",
   "genre5": "",
   "genre6": "",
   "genre7": "",
   "revenue_cat": "Low",
   "budget_cat": "Medium",
   "year_release": 1996,
   "date_formatted": "8/9/1996"
 },
 {
   "film": "Vampires",
   "revenue": "0",
   "budget": 20000000,
   "language": "en",
   "popularity": 12.222,
   "runtime": 108,
   "vote_average": 6.2,
   "vote_count": 597,
   "id": 9945,
   "director": "John Carpenter",
   "tagline": "From the Master of Evil. Comes a New Breed of Terror",
   "genres": "[{'id': 28, 'name': 'Action'}, {'id': 18, 'name': 'Drama'}, {'id': 14, 'name': 'Fantasy'}, {'id': 27, 'name': 'Horror'}, {'id': 53, 'name': 'Thriller'}, {'id': 37, 'name': 'Western'}]",
   "director_id": 11770,
   "release_date": "30/10/1998",
   "Popular_set": "Not popular",
   "genre1": "Action",
   "genre2": "Drama",
   "genre3": "Fantasy",
   "genre4": "Horror",
   "genre5": "Thriller",
   "genre6": "Western",
   "genre7": "",
   "revenue_cat": "Not reported",
   "budget_cat": "Medium",
   "year_release": 1998,
   "date_formatted": "10/30/1998"
 },
 {
   "film": "Ghosts of Mars",
   "revenue": "14,010,832.00",
   "budget": 28000000,
   "language": "en",
   "popularity": 15.482,
   "runtime": 98,
   "vote_average": 5.1,
   "vote_count": 613,
   "id": 10016,
   "director": "John Carpenter",
   "tagline": "Terror is the same on any planet.",
   "genres": "[{'id': 28, 'name': 'Action'}, {'id': 27, 'name': 'Horror'}, {'id': 878, 'name': 'Science Fiction'}]",
   "director_id": 11770,
   "release_date": "24/08/2001",
   "Popular_set": "Not popular",
   "genre1": "Horror",
   "genre2": "Science Fiction",
   "genre3": "",
   "genre4": "",
   "genre5": "",
   "genre6": "",
   "genre7": "",
   "revenue_cat": "Low",
   "budget_cat": "Medium",
   "year_release": 2001,
   "date_formatted": "8/24/2001"
 },
 {
   "film": "The Ward",
   "revenue": "498,974.00",
   "budget": 10000000,
   "language": "en",
   "popularity": 11.751,
   "runtime": 88,
   "vote_average": 5.9,
   "vote_count": 741,
   "id": 45657,
   "director": "John Carpenter",
   "tagline": "Only Sanity Can Keep You Alive",
   "genres": "[{'id': 27, 'name': 'Horror'}, {'id': 53, 'name': 'Thriller'}]",
   "director_id": 11770,
   "release_date": "13/09/2010",
   "Popular_set": "Not popular",
   "genre1": "Horror",
   "genre2": "Thriller",
   "genre3": "",
   "genre4": "",
   "genre5": "",
   "genre6": "",
   "genre7": "",
   "revenue_cat": "Low",
   "budget_cat": "Low",
   "year_release": 2010,
   "date_formatted": "9/13/2010"
 }
]